[
    {
        "id": 3161396,
        "price": "0.14320000",
        "qty": "2.40000000",
        "quoteQty": "0.34368000",
        "time": 1629985689181,
        "isBuyerMaker": false,
        "isBestMatch": true
    },
    {
        "id": 3161397,
        "price": "0.14360000",
        "qty": "6.95000000",
        "quoteQty": "0.99802000",
        "time": 1629985692115,
        "isBuyerMaker": false,
        "isBestMatch": true
    },
    {
        "id": 3161398,
        "price": "0.14360000",
        "qty": "0.36000000",
        "quoteQty": "0.05169600",
        "time": 1629985692211,
        "isBuyerMaker": false,
        "isBestMatch": true
    },
    {
        "id": 3161399,
        "price": "0.14320000",
        "qty": "0.45000000",
        "quoteQty": "0.06444000",
        "time": 1629985711754,
        "isBuyerMaker": true,
        "isBestMatch": true
    },
    {
        "id": 3161400,
        "price": "0.14360000",
        "qty": "0.70000000",
        "quoteQty": "0.10052000",
        "time": 1629985714584,
        "isBuyerMaker": false,
        "isBestMatch": true
    },
    {
        "id": 3161401,
        "price": "0.14400000",
        "qty": "5.60000000",
        "quoteQty": "0.80640000",
        "time": 1629985739086,
        "isBuyerMaker": false,
        "isBestMatch": true
    },
    {
        "id": 3161402,
        "price": "0.14400000",
        "qty": "9.45000000",
        "quoteQty": "1.36080000",
        "time": 1629985739086,
        "isBuyerMaker": false,
        "isBestMatch": true
    },
    {
        "id": 3161403,
        "price": "0.14400000",
        "qty": "15.06000000",
        "quoteQty": "2.16864000",
        "time": 1629985741084,
        "isBuyerMaker": false,
        "isBestMatch": true
    },
    {
        "id": 3161404,
        "price": "0.14400000",
        "qty": "13.59000000",
        "quoteQty": "1.95696000",
        "time": 1629985742086,
        "isBuyerMaker": false,
        "isBestMatch": true
    },
    {
        "id": 3161405,
        "price": "0.14400000",
        "qty": "1.47000000",
        "quoteQty": "0.21168000",
        "time": 1629985742086,
        "isBuyerMaker": false,
        "isBestMatch": true
    },
    {
        "id": 3161406,
        "price": "0.14390000",
        "qty": "5.60000000",
        "quoteQty": "0.80584000",
        "time": 1629985795333,
        "isBuyerMaker": true,
        "isBestMatch": true
    },
    {
        "id": 3161407,
        "price": "0.14390000",
        "qty": "214.72000000",
        "quoteQty": "30.89820800",
        "time": 1629985795343,
        "isBuyerMaker": true,
        "isBestMatch": true
    },
    {
        "id": 3161408,
        "price": "0.14410000",
        "qty": "1.57000000",
        "quoteQty": "0.22623700",
        "time": 1629985795452,
        "isBuyerMaker": false,
        "isBestMatch": true
    },
    {
        "id": 3161409,
        "price": "0.14410000",
        "qty": "11.33000000",
        "quoteQty": "1.63265300",
        "time": 1629985797420,
        "isBuyerMaker": false,
        "isBestMatch": true
    },
    {
        "id": 3161410,
        "price": "0.14400000",
        "qty": "165.09000000",
        "quoteQty": "23.77296000",
        "time": 1629985803612,
        "isBuyerMaker": true,
        "isBestMatch": true
    },
    {
        "id": 3161411,
        "price": "0.14400000",
        "qty": "2.35000000",
        "quoteQty": "0.33840000",
        "time": 1629985819375,
        "isBuyerMaker": false,
        "isBestMatch": true
    },
    {
        "id": 3161412,
        "price": "0.14400000",
        "qty": "51.05000000",
        "quoteQty": "7.35120000",
        "time": 1629985819440,
        "isBuyerMaker": false,
        "isBestMatch": true
    },
    {
        "id": 3161413,
        "price": "0.14420000",
        "qty": "0.60000000",
        "quoteQty": "0.08652000",
        "time": 1629985840066,
        "isBuyerMaker": false,
        "isBestMatch": true
    },
    {
        "id": 3161414,
        "price": "0.14420000",
        "qty": "0.60000000",
        "quoteQty": "0.08652000",
        "time": 1629985840066,
        "isBuyerMaker": false,
        "isBestMatch": true
    },
    {
        "id": 3161415,
        "price": "0.14420000",
        "qty": "4.94000000",
        "quoteQty": "0.71234800",
        "time": 1629985840066,
        "isBuyerMaker": false,
        "isBestMatch": true
    },
    {
        "id": 3161416,
        "price": "0.14420000",
        "qty": "0.71000000",
        "quoteQty": "0.10238200",
        "time": 1629985840066,
        "isBuyerMaker": false,
        "isBestMatch": true
    },
    {
        "id": 3161417,
        "price": "0.14430000",
        "qty": "0.38000000",
        "quoteQty": "0.05483400",
        "time": 1629985847451,
        "isBuyerMaker": false,
        "isBestMatch": true
    },
    {
        "id": 3161418,
        "price": "0.14430000",
        "qty": "0.62000000",
        "quoteQty": "0.08946600",
        "time": 1629985859842,
        "isBuyerMaker": true,
        "isBestMatch": true
    },
    {
        "id": 3161419,
        "price": "0.14430000",
        "qty": "218.94000000",
        "quoteQty": "31.59304200",
        "time": 1629985860868,
        "isBuyerMaker": true,
        "isBestMatch": true
    },
    {
        "id": 3161420,
        "price": "0.14440000",
        "qty": "0.72000000",
        "quoteQty": "0.10396800",
        "time": 1629985880668,
        "isBuyerMaker": false,
        "isBestMatch": true
    },
    {
        "id": 3161421,
        "price": "0.14450000",
        "qty": "0.38000000",
        "quoteQty": "0.05491000",
        "time": 1629985886972,
        "isBuyerMaker": false,
        "isBestMatch": true
    },
    {
        "id": 3161422,
        "price": "0.14460000",
        "qty": "0.70000000",
        "quoteQty": "0.10122000",
        "time": 1629985889908,
        "isBuyerMaker": false,
        "isBestMatch": true
    },
    {
        "id": 3161423,
        "price": "0.14460000",
        "qty": "1.72000000",
        "quoteQty": "0.24871200",
        "time": 1629985918112,
        "isBuyerMaker": false,
        "isBestMatch": true
    },
    {
        "id": 3161424,
        "price": "0.14470000",
        "qty": "4.93000000",
        "quoteQty": "0.71337100",
        "time": 1629985965289,
        "isBuyerMaker": false,
        "isBestMatch": true
    },
    {
        "id": 3161425,
        "price": "0.14471000",
        "qty": "0.70000000",
        "quoteQty": "0.10129700",
        "time": 1629985982282,
        "isBuyerMaker": false,
        "isBestMatch": true
    },
    {
        "id": 3161426,
        "price": "0.14473000",
        "qty": "1.10000000",
        "quoteQty": "0.15920300",
        "time": 1629985982282,
        "isBuyerMaker": false,
        "isBestMatch": true
    },
    {
        "id": 3161427,
        "price": "0.14477000",
        "qty": "0.80000000",
        "quoteQty": "0.11581600",
        "time": 1629985982282,
        "isBuyerMaker": false,
        "isBestMatch": true
    },
    {
        "id": 3161428,
        "price": "0.14480000",
        "qty": "0.26000000",
        "quoteQty": "0.03764800",
        "time": 1629985982282,
        "isBuyerMaker": false,
        "isBestMatch": true
    },
    {
        "id": 3161429,
        "price": "0.14480000",
        "qty": "2.05000000",
        "quoteQty": "0.29684000",
        "time": 1629986002217,
        "isBuyerMaker": false,
        "isBestMatch": true
    },
    {
        "id": 3161430,
        "price": "0.14480000",
        "qty": "0.36000000",
        "quoteQty": "0.05212800",
        "time": 1629986002217,
        "isBuyerMaker": false,
        "isBestMatch": true
    },
    {
        "id": 3161431,
        "price": "0.14480000",
        "qty": "2.76000000",
        "quoteQty": "0.39964800",
        "time": 1629986002217,
        "isBuyerMaker": false,
        "isBestMatch": true
    },
    {
        "id": 3161432,
        "price": "0.14460000",
        "qty": "0.69000000",
        "quoteQty": "0.09977400",
        "time": 1629986011388,
        "isBuyerMaker": true,
        "isBestMatch": true
    },
    {
        "id": 3161433,
        "price": "0.14481000",
        "qty": "0.67000000",
        "quoteQty": "0.09702270",
        "time": 1629986012029,
        "isBuyerMaker": false,
        "isBestMatch": true
    },
    {
        "id": 3161434,
        "price": "0.14460000",
        "qty": "1.00000000",
        "quoteQty": "0.14460000",
        "time": 1629986014548,
        "isBuyerMaker": true,
        "isBestMatch": true
    },
    {
        "id": 3161435,
        "price": "0.14481000",
        "qty": "0.03000000",
        "quoteQty": "0.00434430",
        "time": 1629986020097,
        "isBuyerMaker": false,
        "isBestMatch": true
    },
    {
        "id": 3161436,
        "price": "0.14482000",
        "qty": "0.52000000",
        "quoteQty": "0.07530640",
        "time": 1629986020097,
        "isBuyerMaker": false,
        "isBestMatch": true
    },
    {
        "id": 3161437,
        "price": "0.14482000",
        "qty": "0.28000000",
        "quoteQty": "0.04054960",
        "time": 1629986021052,
        "isBuyerMaker": false,
        "isBestMatch": true
    },
    {
        "id": 3161438,
        "price": "0.14485000",
        "qty": "0.14000000",
        "quoteQty": "0.02027900",
        "time": 1629986021052,
        "isBuyerMaker": false,
        "isBestMatch": true
    },
    {
        "id": 3161439,
        "price": "0.14485000",
        "qty": "0.56000000",
        "quoteQty": "0.08111600",
        "time": 1629986021121,
        "isBuyerMaker": false,
        "isBestMatch": true
    },
    {
        "id": 3161440,
        "price": "0.14485000",
        "qty": "0.50000000",
        "quoteQty": "0.07242500",
        "time": 1629986021121,
        "isBuyerMaker": false,
        "isBestMatch": true
    },
    {
        "id": 3161441,
        "price": "0.14488000",
        "qty": "2.90000000",
        "quoteQty": "0.42015200",
        "time": 1629986021184,
        "isBuyerMaker": false,
        "isBestMatch": true
    },
    {
        "id": 3161442,
        "price": "0.14488000",
        "qty": "1.00000000",
        "quoteQty": "0.14488000",
        "time": 1629986021184,
        "isBuyerMaker": false,
        "isBestMatch": true
    },
    {
        "id": 3161443,
        "price": "0.14490000",
        "qty": "0.44000000",
        "quoteQty": "0.06375600",
        "time": 1629986021235,
        "isBuyerMaker": false,
        "isBestMatch": true
    },
    {
        "id": 3161444,
        "price": "0.14490000",
        "qty": "0.44000000",
        "quoteQty": "0.06375600",
        "time": 1629986021235,
        "isBuyerMaker": false,
        "isBestMatch": true
    },
    {
        "id": 3161445,
        "price": "0.14490000",
        "qty": "0.44000000",
        "quoteQty": "0.06375600",
        "time": 1629986021235,
        "isBuyerMaker": false,
        "isBestMatch": true
    },
    {
        "id": 3161446,
        "price": "0.14490000",
        "qty": "0.72000000",
        "quoteQty": "0.10432800",
        "time": 1629986021235,
        "isBuyerMaker": false,
        "isBestMatch": true
    },
    {
        "id": 3161447,
        "price": "0.14490000",
        "qty": "0.60000000",
        "quoteQty": "0.08694000",
        "time": 1629986021235,
        "isBuyerMaker": false,
        "isBestMatch": true
    },
    {
        "id": 3161448,
        "price": "0.14490000",
        "qty": "0.60000000",
        "quoteQty": "0.08694000",
        "time": 1629986021235,
        "isBuyerMaker": false,
        "isBestMatch": true
    },
    {
        "id": 3161449,
        "price": "0.14490000",
        "qty": "0.93000000",
        "quoteQty": "0.13475700",
        "time": 1629986021235,
        "isBuyerMaker": false,
        "isBestMatch": true
    },
    {
        "id": 3161450,
        "price": "0.14500000",
        "qty": "0.69000000",
        "quoteQty": "0.10005000",
        "time": 1629986021235,
        "isBuyerMaker": false,
        "isBestMatch": true
    },
    {
        "id": 3161451,
        "price": "0.14500000",
        "qty": "0.15000000",
        "quoteQty": "0.02175000",
        "time": 1629986021235,
        "isBuyerMaker": false,
        "isBestMatch": true
    },
    {
        "id": 3161452,
        "price": "0.14490000",
        "qty": "0.49000000",
        "quoteQty": "0.07100100",
        "time": 1629986023163,
        "isBuyerMaker": true,
        "isBestMatch": true
    },
    {
        "id": 3161453,
        "price": "0.14460000",
        "qty": "0.70000000",
        "quoteQty": "0.10122000",
        "time": 1629986023445,
        "isBuyerMaker": true,
        "isBestMatch": true
    },
    {
        "id": 3161454,
        "price": "0.14460000",
        "qty": "0.42000000",
        "quoteQty": "0.06073200",
        "time": 1629986023448,
        "isBuyerMaker": true,
        "isBestMatch": true
    },
    {
        "id": 3161455,
        "price": "0.14460000",
        "qty": "0.36000000",
        "quoteQty": "0.05205600",
        "time": 1629986023452,
        "isBuyerMaker": true,
        "isBestMatch": true
    },
    {
        "id": 3161456,
        "price": "0.14470000",
        "qty": "2.40000000",
        "quoteQty": "0.34728000",
        "time": 1629986023468,
        "isBuyerMaker": true,
        "isBestMatch": true
    },
    {
        "id": 3161457,
        "price": "0.14506000",
        "qty": "4.90000000",
        "quoteQty": "0.71079400",
        "time": 1629986032038,
        "isBuyerMaker": false,
        "isBestMatch": true
    },
    {
        "id": 3161458,
        "price": "0.14507000",
        "qty": "0.70000000",
        "quoteQty": "0.10154900",
        "time": 1629986032088,
        "isBuyerMaker": false,
        "isBestMatch": true
    },
    {
        "id": 3161459,
        "price": "0.14509000",
        "qty": "2.80000000",
        "quoteQty": "0.40625200",
        "time": 1629986032145,
        "isBuyerMaker": false,
        "isBestMatch": true
    },
    {
        "id": 3161460,
        "price": "0.14510000",
        "qty": "1.02000000",
        "quoteQty": "0.14800200",
        "time": 1629986032191,
        "isBuyerMaker": false,
        "isBestMatch": true
    },
    {
        "id": 3161461,
        "price": "0.14517000",
        "qty": "0.90000000",
        "quoteQty": "0.13065300",
        "time": 1629986032890,
        "isBuyerMaker": false,
        "isBestMatch": true
    },
    {
        "id": 3161462,
        "price": "0.14520000",
        "qty": "1.01000000",
        "quoteQty": "0.14665200",
        "time": 1629986032903,
        "isBuyerMaker": false,
        "isBestMatch": true
    },
    {
        "id": 3161463,
        "price": "0.14520000",
        "qty": "4.91000000",
        "quoteQty": "0.71293200",
        "time": 1629986032903,
        "isBuyerMaker": false,
        "isBestMatch": true
    },
    {
        "id": 3161464,
        "price": "0.14523000",
        "qty": "0.42000000",
        "quoteQty": "0.06099660",
        "time": 1629986033604,
        "isBuyerMaker": false,
        "isBestMatch": true
    },
    {
        "id": 3161465,
        "price": "0.14523000",
        "qty": "0.28000000",
        "quoteQty": "0.04066440",
        "time": 1629986033688,
        "isBuyerMaker": false,
        "isBestMatch": true
    },
    {
        "id": 3161466,
        "price": "0.14523000",
        "qty": "0.41000000",
        "quoteQty": "0.05954430",
        "time": 1629986033688,
        "isBuyerMaker": false,
        "isBestMatch": true
    },
    {
        "id": 3161467,
        "price": "0.14523000",
        "qty": "0.35000000",
        "quoteQty": "0.05083050",
        "time": 1629986033698,
        "isBuyerMaker": false,
        "isBestMatch": true
    },
    {
        "id": 3161468,
        "price": "0.14523000",
        "qty": "0.04000000",
        "quoteQty": "0.00580920",
        "time": 1629986033797,
        "isBuyerMaker": false,
        "isBestMatch": true
    },
    {
        "id": 3161469,
        "price": "0.14530000",
        "qty": "0.43000000",
        "quoteQty": "0.06247900",
        "time": 1629986033797,
        "isBuyerMaker": false,
        "isBestMatch": true
    },
    {
        "id": 3161470,
        "price": "0.14530000",
        "qty": "0.22000000",
        "quoteQty": "0.03196600",
        "time": 1629986033797,
        "isBuyerMaker": false,
        "isBestMatch": true
    },
    {
        "id": 3161471,
        "price": "0.14530000",
        "qty": "10.72000000",
        "quoteQty": "1.55761600",
        "time": 1629986035463,
        "isBuyerMaker": false,
        "isBestMatch": true
    },
    {
        "id": 3161472,
        "price": "0.14530000",
        "qty": "0.79000000",
        "quoteQty": "0.11478700",
        "time": 1629986035463,
        "isBuyerMaker": false,
        "isBestMatch": true
    },
    {
        "id": 3161473,
        "price": "0.14530000",
        "qty": "0.72000000",
        "quoteQty": "0.10461600",
        "time": 1629986035463,
        "isBuyerMaker": false,
        "isBestMatch": true
    },
    {
        "id": 3161474,
        "price": "0.14533000",
        "qty": "0.70000000",
        "quoteQty": "0.10173100",
        "time": 1629986036538,
        "isBuyerMaker": false,
        "isBestMatch": true
    },
    {
        "id": 3161475,
        "price": "0.14534000",
        "qty": "0.22000000",
        "quoteQty": "0.03197480",
        "time": 1629986036538,
        "isBuyerMaker": false,
        "isBestMatch": true
    },
    {
        "id": 3161476,
        "price": "0.14520000",
        "qty": "0.78000000",
        "quoteQty": "0.11325600",
        "time": 1629986045953,
        "isBuyerMaker": true,
        "isBestMatch": true
    },
    {
        "id": 3161477,
        "price": "0.14520000",
        "qty": "0.68000000",
        "quoteQty": "0.09873600",
        "time": 1629986045953,
        "isBuyerMaker": true,
        "isBestMatch": true
    },
    {
        "id": 3161478,
        "price": "0.14520000",
        "qty": "0.68000000",
        "quoteQty": "0.09873600",
        "time": 1629986045953,
        "isBuyerMaker": true,
        "isBestMatch": true
    },
    {
        "id": 3161479,
        "price": "0.14520000",
        "qty": "0.55000000",
        "quoteQty": "0.07986000",
        "time": 1629986063557,
        "isBuyerMaker": true,
        "isBestMatch": true
    },
    {
        "id": 3161480,
        "price": "0.14534000",
        "qty": "0.77000000",
        "quoteQty": "0.11191180",
        "time": 1629986074617,
        "isBuyerMaker": false,
        "isBestMatch": true
    },
    {
        "id": 3161481,
        "price": "0.14534000",
        "qty": "0.70000000",
        "quoteQty": "0.10173800",
        "time": 1629986083380,
        "isBuyerMaker": false,
        "isBestMatch": true
    },
    {
        "id": 3161482,
        "price": "0.14534000",
        "qty": "1.38000000",
        "quoteQty": "0.20056920",
        "time": 1629986084673,
        "isBuyerMaker": false,
        "isBestMatch": true
    },
    {
        "id": 3161483,
        "price": "0.14534000",
        "qty": "2.53000000",
        "quoteQty": "0.36771020",
        "time": 1629986088872,
        "isBuyerMaker": false,
        "isBestMatch": true
    },
    {
        "id": 3161484,
        "price": "0.14540000",
        "qty": "2.29000000",
        "quoteQty": "0.33296600",
        "time": 1629986088872,
        "isBuyerMaker": false,
        "isBestMatch": true
    },
    {
        "id": 3161485,
        "price": "0.14540000",
        "qty": "0.28000000",
        "quoteQty": "0.04071200",
        "time": 1629986088872,
        "isBuyerMaker": false,
        "isBestMatch": true
    },
    {
        "id": 3161486,
        "price": "0.14540000",
        "qty": "0.07000000",
        "quoteQty": "0.01017800",
        "time": 1629986090929,
        "isBuyerMaker": false,
        "isBestMatch": true
    },
    {
        "id": 3161487,
        "price": "0.14540000",
        "qty": "1.66000000",
        "quoteQty": "0.24136400",
        "time": 1629986093262,
        "isBuyerMaker": true,
        "isBestMatch": true
    },
    {
        "id": 3161488,
        "price": "0.14542000",
        "qty": "0.60000000",
        "quoteQty": "0.08725200",
        "time": 1629986096565,
        "isBuyerMaker": false,
        "isBestMatch": true
    },
    {
        "id": 3161489,
        "price": "0.14546000",
        "qty": "0.49000000",
        "quoteQty": "0.07127540",
        "time": 1629986096565,
        "isBuyerMaker": false,
        "isBestMatch": true
    },
    {
        "id": 3161490,
        "price": "0.14546000",
        "qty": "0.31000000",
        "quoteQty": "0.04509260",
        "time": 1629986108840,
        "isBuyerMaker": false,
        "isBestMatch": true
    },
    {
        "id": 3161491,
        "price": "0.14553000",
        "qty": "1.27000000",
        "quoteQty": "0.18482310",
        "time": 1629986108840,
        "isBuyerMaker": false,
        "isBestMatch": true
    },
    {
        "id": 3161492,
        "price": "0.14520000",
        "qty": "17.00000000",
        "quoteQty": "2.46840000",
        "time": 1629986115061,
        "isBuyerMaker": true,
        "isBestMatch": true
    },
    {
        "id": 3161493,
        "price": "0.14550000",
        "qty": "102.75000000",
        "quoteQty": "14.95012500",
        "time": 1629986126763,
        "isBuyerMaker": false,
        "isBestMatch": true
    },
    {
        "id": 3161494,
        "price": "0.14550000",
        "qty": "28.05000000",
        "quoteQty": "4.08127500",
        "time": 1629986128644,
        "isBuyerMaker": false,
        "isBestMatch": true
    },
    {
        "id": 3161495,
        "price": "0.14553000",
        "qty": "0.69000000",
        "quoteQty": "0.10041570",
        "time": 1629986140533,
        "isBuyerMaker": false,
        "isBestMatch": true
    },
    {
        "id": 3161496,
        "price": "0.14553000",
        "qty": "2.94000000",
        "quoteQty": "0.42785820",
        "time": 1629986144343,
        "isBuyerMaker": false,
        "isBestMatch": true
    },
    {
        "id": 3161497,
        "price": "0.14553000",
        "qty": "0.70000000",
        "quoteQty": "0.10187100",
        "time": 1629986144343,
        "isBuyerMaker": false,
        "isBestMatch": true
    },
    {
        "id": 3161498,
        "price": "0.14560000",
        "qty": "1.60000000",
        "quoteQty": "0.23296000",
        "time": 1629986144343,
        "isBuyerMaker": false,
        "isBestMatch": true
    },
    {
        "id": 3161499,
        "price": "0.14560000",
        "qty": "0.40000000",
        "quoteQty": "0.05824000",
        "time": 1629986144605,
        "isBuyerMaker": false,
        "isBestMatch": true
    },
    {
        "id": 3161500,
        "price": "0.14560000",
        "qty": "0.72000000",
        "quoteQty": "0.10483200",
        "time": 1629986144605,
        "isBuyerMaker": false,
        "isBestMatch": true
    },
    {
        "id": 3161501,
        "price": "0.14560000",
        "qty": "0.60000000",
        "quoteQty": "0.08736000",
        "time": 1629986144605,
        "isBuyerMaker": false,
        "isBestMatch": true
    },
    {
        "id": 3161502,
        "price": "0.14560000",
        "qty": "0.60000000",
        "quoteQty": "0.08736000",
        "time": 1629986144605,
        "isBuyerMaker": false,
        "isBestMatch": true
    },
    {
        "id": 3161503,
        "price": "0.14560000",
        "qty": "25.11000000",
        "quoteQty": "3.65601600",
        "time": 1629986144605,
        "isBuyerMaker": false,
        "isBestMatch": true
    },
    {
        "id": 3161504,
        "price": "0.14560000",
        "qty": "0.48000000",
        "quoteQty": "0.06988800",
        "time": 1629986146681,
        "isBuyerMaker": false,
        "isBestMatch": true
    },
    {
        "id": 3161505,
        "price": "0.14560000",
        "qty": "0.59000000",
        "quoteQty": "0.08590400",
        "time": 1629986147387,
        "isBuyerMaker": false,
        "isBestMatch": true
    },
    {
        "id": 3161506,
        "price": "0.14560000",
        "qty": "4.65000000",
        "quoteQty": "0.67704000",
        "time": 1629986149581,
        "isBuyerMaker": false,
        "isBestMatch": true
    },
    {
        "id": 3161507,
        "price": "0.14560000",
        "qty": "27.75000000",
        "quoteQty": "4.04040000",
        "time": 1629986150990,
        "isBuyerMaker": false,
        "isBestMatch": true
    },
    {
        "id": 3161508,
        "price": "0.14563000",
        "qty": "7.40000000",
        "quoteQty": "1.07766200",
        "time": 1629986156039,
        "isBuyerMaker": false,
        "isBestMatch": true
    },
    {
        "id": 3161509,
        "price": "0.14563000",
        "qty": "6.60000000",
        "quoteQty": "0.96115800",
        "time": 1629986156039,
        "isBuyerMaker": false,
        "isBestMatch": true
    },
    {
        "id": 3161510,
        "price": "0.14565000",
        "qty": "0.80000000",
        "quoteQty": "0.11652000",
        "time": 1629986156039,
        "isBuyerMaker": false,
        "isBestMatch": true
    },
    {
        "id": 3161511,
        "price": "0.14570000",
        "qty": "1.80000000",
        "quoteQty": "0.26226000",
        "time": 1629986156053,
        "isBuyerMaker": false,
        "isBestMatch": true
    },
    {
        "id": 3161512,
        "price": "0.14571000",
        "qty": "0.70000000",
        "quoteQty": "0.10199700",
        "time": 1629986156406,
        "isBuyerMaker": false,
        "isBestMatch": true
    },
    {
        "id": 3161513,
        "price": "0.14572000",
        "qty": "0.70000000",
        "quoteQty": "0.10200400",
        "time": 1629986156406,
        "isBuyerMaker": false,
        "isBestMatch": true
    },
    {
        "id": 3161514,
        "price": "0.14575000",
        "qty": "1.58000000",
        "quoteQty": "0.23028500",
        "time": 1629986156406,
        "isBuyerMaker": false,
        "isBestMatch": true
    },
    {
        "id": 3161515,
        "price": "0.14575000",
        "qty": "1.66000000",
        "quoteQty": "0.24194500",
        "time": 1629986156410,
        "isBuyerMaker": false,
        "isBestMatch": true
    },
    {
        "id": 3161516,
        "price": "0.14575000",
        "qty": "0.86000000",
        "quoteQty": "0.12534500",
        "time": 1629986156435,
        "isBuyerMaker": false,
        "isBestMatch": true
    },
    {
        "id": 3161517,
        "price": "0.14580000",
        "qty": "0.60000000",
        "quoteQty": "0.08748000",
        "time": 1629986156482,
        "isBuyerMaker": false,
        "isBestMatch": true
    },
    {
        "id": 3161518,
        "price": "0.14582000",
        "qty": "0.60000000",
        "quoteQty": "0.08749200",
        "time": 1629986158598,
        "isBuyerMaker": false,
        "isBestMatch": true
    },
    {
        "id": 3161519,
        "price": "0.14585000",
        "qty": "0.70000000",
        "quoteQty": "0.10209500",
        "time": 1629986158598,
        "isBuyerMaker": false,
        "isBestMatch": true
    },
    {
        "id": 3161520,
        "price": "0.14590000",
        "qty": "0.49000000",
        "quoteQty": "0.07149100",
        "time": 1629986158598,
        "isBuyerMaker": false,
        "isBestMatch": true
    },
    {
        "id": 3161521,
        "price": "0.14596000",
        "qty": "1.00000000",
        "quoteQty": "0.14596000",
        "time": 1629986159084,
        "isBuyerMaker": false,
        "isBestMatch": true
    },
    {
        "id": 3161522,
        "price": "0.14598000",
        "qty": "0.48000000",
        "quoteQty": "0.07007040",
        "time": 1629986159207,
        "isBuyerMaker": false,
        "isBestMatch": true
    },
    {
        "id": 3161523,
        "price": "0.14560000",
        "qty": "2.82000000",
        "quoteQty": "0.41059200",
        "time": 1629986162257,
        "isBuyerMaker": true,
        "isBestMatch": true
    },
    {
        "id": 3161524,
        "price": "0.14560000",
        "qty": "11.19000000",
        "quoteQty": "1.62926400",
        "time": 1629986168993,
        "isBuyerMaker": true,
        "isBestMatch": true
    },
    {
        "id": 3161525,
        "price": "0.14560000",
        "qty": "2.81000000",
        "quoteQty": "0.40913600",
        "time": 1629986168993,
        "isBuyerMaker": true,
        "isBestMatch": true
    },
    {
        "id": 3161526,
        "price": "0.14560000",
        "qty": "0.41000000",
        "quoteQty": "0.05969600",
        "time": 1629986168993,
        "isBuyerMaker": true,
        "isBestMatch": true
    },
    {
        "id": 3161527,
        "price": "0.14550000",
        "qty": "4.88000000",
        "quoteQty": "0.71004000",
        "time": 1629986169200,
        "isBuyerMaker": true,
        "isBestMatch": true
    },
    {
        "id": 3161528,
        "price": "0.14590000",
        "qty": "0.80000000",
        "quoteQty": "0.11672000",
        "time": 1629986176159,
        "isBuyerMaker": false,
        "isBestMatch": true
    },
    {
        "id": 3161529,
        "price": "0.14598000",
        "qty": "0.32000000",
        "quoteQty": "0.04671360",
        "time": 1629986178358,
        "isBuyerMaker": false,
        "isBestMatch": true
    },
    {
        "id": 3161530,
        "price": "0.14600000",
        "qty": "0.93000000",
        "quoteQty": "0.13578000",
        "time": 1629986178358,
        "isBuyerMaker": false,
        "isBestMatch": true
    },
    {
        "id": 3161531,
        "price": "0.14600000",
        "qty": "4.30000000",
        "quoteQty": "0.62780000",
        "time": 1629986178358,
        "isBuyerMaker": false,
        "isBestMatch": true
    },
    {
        "id": 3161532,
        "price": "0.14601000",
        "qty": "4.80000000",
        "quoteQty": "0.70084800",
        "time": 1629986178358,
        "isBuyerMaker": false,
        "isBestMatch": true
    },
    {
        "id": 3161533,
        "price": "0.14606000",
        "qty": "0.80000000",
        "quoteQty": "0.11684800",
        "time": 1629986178358,
        "isBuyerMaker": false,
        "isBestMatch": true
    },
    {
        "id": 3161534,
        "price": "0.14608000",
        "qty": "0.40000000",
        "quoteQty": "0.05843200",
        "time": 1629986178358,
        "isBuyerMaker": false,
        "isBestMatch": true
    },
    {
        "id": 3161535,
        "price": "0.14610000",
        "qty": "0.49000000",
        "quoteQty": "0.07158900",
        "time": 1629986178358,
        "isBuyerMaker": false,
        "isBestMatch": true
    },
    {
        "id": 3161536,
        "price": "0.14610000",
        "qty": "1.96000000",
        "quoteQty": "0.28635600",
        "time": 1629986178358,
        "isBuyerMaker": false,
        "isBestMatch": true
    },
    {
        "id": 3161537,
        "price": "0.14600000",
        "qty": "4.86000000",
        "quoteQty": "0.70956000",
        "time": 1629986181885,
        "isBuyerMaker": true,
        "isBestMatch": true
    },
    {
        "id": 3161538,
        "price": "0.14610000",
        "qty": "0.80000000",
        "quoteQty": "0.11688000",
        "time": 1629986182051,
        "isBuyerMaker": false,
        "isBestMatch": true
    },
    {
        "id": 3161539,
        "price": "0.14600000",
        "qty": "0.40000000",
        "quoteQty": "0.05840000",
        "time": 1629986195593,
        "isBuyerMaker": true,
        "isBestMatch": true
    },
    {
        "id": 3161540,
        "price": "0.14616000",
        "qty": "0.74000000",
        "quoteQty": "0.10815840",
        "time": 1629986211487,
        "isBuyerMaker": false,
        "isBestMatch": true
    },
    {
        "id": 3161541,
        "price": "0.14616000",
        "qty": "0.26000000",
        "quoteQty": "0.03800160",
        "time": 1629986216207,
        "isBuyerMaker": false,
        "isBestMatch": true
    },
    {
        "id": 3161542,
        "price": "0.14618000",
        "qty": "0.70000000",
        "quoteQty": "0.10232600",
        "time": 1629986216207,
        "isBuyerMaker": false,
        "isBestMatch": true
    },
    {
        "id": 3161543,
        "price": "0.14620000",
        "qty": "0.70000000",
        "quoteQty": "0.10234000",
        "time": 1629986216207,
        "isBuyerMaker": false,
        "isBestMatch": true
    },
    {
        "id": 3161544,
        "price": "0.14620000",
        "qty": "4.88000000",
        "quoteQty": "0.71345600",
        "time": 1629986216207,
        "isBuyerMaker": false,
        "isBestMatch": true
    },
    {
        "id": 3161545,
        "price": "0.14626000",
        "qty": "0.90000000",
        "quoteQty": "0.13163400",
        "time": 1629986216434,
        "isBuyerMaker": false,
        "isBestMatch": true
    },
    {
        "id": 3161546,
        "price": "0.14629000",
        "qty": "0.11000000",
        "quoteQty": "0.01609190",
        "time": 1629986219600,
        "isBuyerMaker": false,
        "isBestMatch": true
    },
    {
        "id": 3161547,
        "price": "0.14629000",
        "qty": "0.91000000",
        "quoteQty": "0.13312390",
        "time": 1629986220331,
        "isBuyerMaker": false,
        "isBestMatch": true
    },
    {
        "id": 3161548,
        "price": "0.14600000",
        "qty": "2.57000000",
        "quoteQty": "0.37522000",
        "time": 1629986222790,
        "isBuyerMaker": true,
        "isBestMatch": true
    },
    {
        "id": 3161549,
        "price": "0.14629000",
        "qty": "1.88000000",
        "quoteQty": "0.27502520",
        "time": 1629986223049,
        "isBuyerMaker": false,
        "isBestMatch": true
    },
    {
        "id": 3161550,
        "price": "0.14630000",
        "qty": "0.72000000",
        "quoteQty": "0.10533600",
        "time": 1629986223128,
        "isBuyerMaker": false,
        "isBestMatch": true
    },
    {
        "id": 3161551,
        "price": "0.14630000",
        "qty": "0.60000000",
        "quoteQty": "0.08778000",
        "time": 1629986223128,
        "isBuyerMaker": false,
        "isBestMatch": true
    },
    {
        "id": 3161552,
        "price": "0.14630000",
        "qty": "0.60000000",
        "quoteQty": "0.08778000",
        "time": 1629986223128,
        "isBuyerMaker": false,
        "isBestMatch": true
    },
    {
        "id": 3161553,
        "price": "0.14635000",
        "qty": "0.80000000",
        "quoteQty": "0.11708000",
        "time": 1629986223243,
        "isBuyerMaker": false,
        "isBestMatch": true
    },
    {
        "id": 3161554,
        "price": "0.14640000",
        "qty": "1.10000000",
        "quoteQty": "0.16104000",
        "time": 1629986223659,
        "isBuyerMaker": false,
        "isBestMatch": true
    },
    {
        "id": 3161555,
        "price": "0.14640000",
        "qty": "17.70000000",
        "quoteQty": "2.59128000",
        "time": 1629986223659,
        "isBuyerMaker": false,
        "isBestMatch": true
    },
    {
        "id": 3161556,
        "price": "0.14640000",
        "qty": "0.73000000",
        "quoteQty": "0.10687200",
        "time": 1629986223659,
        "isBuyerMaker": false,
        "isBestMatch": true
    },
    {
        "id": 3161557,
        "price": "0.14640000",
        "qty": "0.68000000",
        "quoteQty": "0.09955200",
        "time": 1629986223659,
        "isBuyerMaker": false,
        "isBestMatch": true
    },
    {
        "id": 3161558,
        "price": "0.14644000",
        "qty": "1.00000000",
        "quoteQty": "0.14644000",
        "time": 1629986225357,
        "isBuyerMaker": false,
        "isBestMatch": true
    },
    {
        "id": 3161559,
        "price": "0.14648000",
        "qty": "0.34000000",
        "quoteQty": "0.04980320",
        "time": 1629986225357,
        "isBuyerMaker": false,
        "isBestMatch": true
    },
    {
        "id": 3161560,
        "price": "0.14648000",
        "qty": "0.88000000",
        "quoteQty": "0.12890240",
        "time": 1629986225439,
        "isBuyerMaker": false,
        "isBestMatch": true
    },
    {
        "id": 3161561,
        "price": "0.14648000",
        "qty": "3.58000000",
        "quoteQty": "0.52439840",
        "time": 1629986225489,
        "isBuyerMaker": false,
        "isBestMatch": true
    },
    {
        "id": 3161562,
        "price": "0.14650000",
        "qty": "3.58000000",
        "quoteQty": "0.52447000",
        "time": 1629986225537,
        "isBuyerMaker": false,
        "isBestMatch": true
    },
    {
        "id": 3161563,
        "price": "0.14650000",
        "qty": "18.69000000",
        "quoteQty": "2.73808500",
        "time": 1629986225592,
        "isBuyerMaker": false,
        "isBestMatch": true
    },
    {
        "id": 3161564,
        "price": "0.14650000",
        "qty": "28.00000000",
        "quoteQty": "4.10200000",
        "time": 1629986225639,
        "isBuyerMaker": false,
        "isBestMatch": true
    },
    {
        "id": 3161565,
        "price": "0.14650000",
        "qty": "31.33000000",
        "quoteQty": "4.58984500",
        "time": 1629986225690,
        "isBuyerMaker": false,
        "isBestMatch": true
    },
    {
        "id": 3161566,
        "price": "0.14650000",
        "qty": "30.33000000",
        "quoteQty": "4.44334500",
        "time": 1629986225741,
        "isBuyerMaker": false,
        "isBestMatch": true
    },
    {
        "id": 3161567,
        "price": "0.14650000",
        "qty": "27.07000000",
        "quoteQty": "3.96575500",
        "time": 1629986225785,
        "isBuyerMaker": false,
        "isBestMatch": true
    },
    {
        "id": 3161568,
        "price": "0.14655000",
        "qty": "0.80000000",
        "quoteQty": "0.11724000",
        "time": 1629986225840,
        "isBuyerMaker": false,
        "isBestMatch": true
    },
    {
        "id": 3161569,
        "price": "0.14655000",
        "qty": "0.70000000",
        "quoteQty": "0.10258500",
        "time": 1629986225840,
        "isBuyerMaker": false,
        "isBestMatch": true
    },
    {
        "id": 3161570,
        "price": "0.14659000",
        "qty": "0.60000000",
        "quoteQty": "0.08795400",
        "time": 1629986226237,
        "isBuyerMaker": false,
        "isBestMatch": true
    },
    {
        "id": 3161571,
        "price": "0.14661000",
        "qty": "0.79000000",
        "quoteQty": "0.11582190",
        "time": 1629986230167,
        "isBuyerMaker": false,
        "isBestMatch": true
    },
    {
        "id": 3161572,
        "price": "0.14661000",
        "qty": "0.01000000",
        "quoteQty": "0.00146610",
        "time": 1629986230456,
        "isBuyerMaker": false,
        "isBestMatch": true
    },
    {
        "id": 3161573,
        "price": "0.14663000",
        "qty": "0.67000000",
        "quoteQty": "0.09824210",
        "time": 1629986230456,
        "isBuyerMaker": false,
        "isBestMatch": true
    },
    {
        "id": 3161574,
        "price": "0.14663000",
        "qty": "0.03000000",
        "quoteQty": "0.00439890",
        "time": 1629986231758,
        "isBuyerMaker": false,
        "isBestMatch": true
    },
    {
        "id": 3161575,
        "price": "0.14668000",
        "qty": "0.70000000",
        "quoteQty": "0.10267600",
        "time": 1629986231758,
        "isBuyerMaker": false,
        "isBestMatch": true
    },
    {
        "id": 3161576,
        "price": "0.14670000",
        "qty": "1.59000000",
        "quoteQty": "0.23325300",
        "time": 1629986231758,
        "isBuyerMaker": false,
        "isBestMatch": true
    },
    {
        "id": 3161577,
        "price": "0.14670000",
        "qty": "3.27000000",
        "quoteQty": "0.47970900",
        "time": 1629986232190,
        "isBuyerMaker": false,
        "isBestMatch": true
    },
    {
        "id": 3161578,
        "price": "0.14680000",
        "qty": "0.78000000",
        "quoteQty": "0.11450400",
        "time": 1629986233740,
        "isBuyerMaker": false,
        "isBestMatch": true
    },
    {
        "id": 3161579,
        "price": "0.14680000",
        "qty": "1.22000000",
        "quoteQty": "0.17909600",
        "time": 1629986233740,
        "isBuyerMaker": false,
        "isBestMatch": true
    },
    {
        "id": 3161580,
        "price": "0.14680000",
        "qty": "12.78000000",
        "quoteQty": "1.87610400",
        "time": 1629986236584,
        "isBuyerMaker": false,
        "isBestMatch": true
    },
    {
        "id": 3161581,
        "price": "0.14696000",
        "qty": "3.40000000",
        "quoteQty": "0.49966400",
        "time": 1629986238990,
        "isBuyerMaker": false,
        "isBestMatch": true
    },
    {
        "id": 3161582,
        "price": "0.14696000",
        "qty": "1.40000000",
        "quoteQty": "0.20574400",
        "time": 1629986239091,
        "isBuyerMaker": false,
        "isBestMatch": true
    },
    {
        "id": 3161583,
        "price": "0.14699000",
        "qty": "0.70000000",
        "quoteQty": "0.10289300",
        "time": 1629986239294,
        "isBuyerMaker": false,
        "isBestMatch": true
    },
    {
        "id": 3161584,
        "price": "0.14700000",
        "qty": "6.24000000",
        "quoteQty": "0.91728000",
        "time": 1629986239334,
        "isBuyerMaker": false,
        "isBestMatch": true
    },
    {
        "id": 3161585,
        "price": "0.14700000",
        "qty": "0.48000000",
        "quoteQty": "0.07056000",
        "time": 1629986239334,
        "isBuyerMaker": false,
        "isBestMatch": true
    },
    {
        "id": 3161586,
        "price": "0.14704000",
        "qty": "0.80000000",
        "quoteQty": "0.11763200",
        "time": 1629986242799,
        "isBuyerMaker": false,
        "isBestMatch": true
    },
    {
        "id": 3161587,
        "price": "0.14706000",
        "qty": "0.70000000",
        "quoteQty": "0.10294200",
        "time": 1629986242799,
        "isBuyerMaker": false,
        "isBestMatch": true
    },
    {
        "id": 3161588,
        "price": "0.14710000",
        "qty": "1.00000000",
        "quoteQty": "0.14710000",
        "time": 1629986242799,
        "isBuyerMaker": false,
        "isBestMatch": true
    },
    {
        "id": 3161589,
        "price": "0.14710000",
        "qty": "0.60000000",
        "quoteQty": "0.08826000",
        "time": 1629986242799,
        "isBuyerMaker": false,
        "isBestMatch": true
    },
    {
        "id": 3161590,
        "price": "0.14710000",
        "qty": "0.60000000",
        "quoteQty": "0.08826000",
        "time": 1629986242799,
        "isBuyerMaker": false,
        "isBestMatch": true
    },
    {
        "id": 3161591,
        "price": "0.14710000",
        "qty": "0.92000000",
        "quoteQty": "0.13533200",
        "time": 1629986242799,
        "isBuyerMaker": false,
        "isBestMatch": true
    },
    {
        "id": 3161592,
        "price": "0.14710000",
        "qty": "0.18000000",
        "quoteQty": "0.02647800",
        "time": 1629986242799,
        "isBuyerMaker": false,
        "isBestMatch": true
    },
    {
        "id": 3161593,
        "price": "0.14710000",
        "qty": "0.51000000",
        "quoteQty": "0.07502100",
        "time": 1629986243281,
        "isBuyerMaker": false,
        "isBestMatch": true
    },
    {
        "id": 3161594,
        "price": "0.14713000",
        "qty": "0.79000000",
        "quoteQty": "0.11623270",
        "time": 1629986246509,
        "isBuyerMaker": false,
        "isBestMatch": true
    },
    {
        "id": 3161595,
        "price": "0.14710000",
        "qty": "4.10000000",
        "quoteQty": "0.60311000",
        "time": 1629986250153,
        "isBuyerMaker": true,
        "isBestMatch": true
    },
    {
        "id": 3161596,
        "price": "0.14713000",
        "qty": "0.01000000",
        "quoteQty": "0.00147130",
        "time": 1629986251659,
        "isBuyerMaker": false,
        "isBestMatch": true
    },
    {
        "id": 3161597,
        "price": "0.14714000",
        "qty": "0.46000000",
        "quoteQty": "0.06768440",
        "time": 1629986251659,
        "isBuyerMaker": false,
        "isBestMatch": true
    },
    {
        "id": 3161598,
        "price": "0.14714000",
        "qty": "0.24000000",
        "quoteQty": "0.03531360",
        "time": 1629986251743,
        "isBuyerMaker": false,
        "isBestMatch": true
    },
    {
        "id": 3161599,
        "price": "0.14717000",
        "qty": "0.59000000",
        "quoteQty": "0.08683030",
        "time": 1629986251743,
        "isBuyerMaker": false,
        "isBestMatch": true
    },
    {
        "id": 3161600,
        "price": "0.14717000",
        "qty": "0.11000000",
        "quoteQty": "0.01618870",
        "time": 1629986251754,
        "isBuyerMaker": false,
        "isBestMatch": true
    },
    {
        "id": 3161601,
        "price": "0.14719000",
        "qty": "0.39000000",
        "quoteQty": "0.05740410",
        "time": 1629986251754,
        "isBuyerMaker": false,
        "isBestMatch": true
    },
    {
        "id": 3161602,
        "price": "0.14719000",
        "qty": "3.61000000",
        "quoteQty": "0.53135590",
        "time": 1629986251782,
        "isBuyerMaker": false,
        "isBestMatch": true
    },
    {
        "id": 3161603,
        "price": "0.14720000",
        "qty": "0.80000000",
        "quoteQty": "0.11776000",
        "time": 1629986251792,
        "isBuyerMaker": false,
        "isBestMatch": true
    },
    {
        "id": 3161604,
        "price": "0.14730000",
        "qty": "0.70000000",
        "quoteQty": "0.10311000",
        "time": 1629986251932,
        "isBuyerMaker": false,
        "isBestMatch": true
    },
    {
        "id": 3161605,
        "price": "0.14730000",
        "qty": "1.33000000",
        "quoteQty": "0.19590900",
        "time": 1629986251932,
        "isBuyerMaker": false,
        "isBestMatch": true
    },
    {
        "id": 3161606,
        "price": "0.14730000",
        "qty": "1.19000000",
        "quoteQty": "0.17528700",
        "time": 1629986251935,
        "isBuyerMaker": false,
        "isBestMatch": true
    },
    {
        "id": 3161607,
        "price": "0.14730000",
        "qty": "0.39000000",
        "quoteQty": "0.05744700",
        "time": 1629986252368,
        "isBuyerMaker": false,
        "isBestMatch": true
    },
    {
        "id": 3161608,
        "price": "0.14710000",
        "qty": "2.60000000",
        "quoteQty": "0.38246000",
        "time": 1629986252400,
        "isBuyerMaker": true,
        "isBestMatch": true
    },
    {
        "id": 3161609,
        "price": "0.14732000",
        "qty": "5.80000000",
        "quoteQty": "0.85445600",
        "time": 1629986252404,
        "isBuyerMaker": false,
        "isBestMatch": true
    },
    {
        "id": 3161610,
        "price": "0.14736000",
        "qty": "0.90000000",
        "quoteQty": "0.13262400",
        "time": 1629986252404,
        "isBuyerMaker": false,
        "isBestMatch": true
    },
    {
        "id": 3161611,
        "price": "0.14744000",
        "qty": "4.80000000",
        "quoteQty": "0.70771200",
        "time": 1629986252404,
        "isBuyerMaker": false,
        "isBestMatch": true
    },
    {
        "id": 3161612,
        "price": "0.14746000",
        "qty": "0.60000000",
        "quoteQty": "0.08847600",
        "time": 1629986252404,
        "isBuyerMaker": false,
        "isBestMatch": true
    },
    {
        "id": 3161613,
        "price": "0.14750000",
        "qty": "1.90000000",
        "quoteQty": "0.28025000",
        "time": 1629986252404,
        "isBuyerMaker": false,
        "isBestMatch": true
    },
    {
        "id": 3161614,
        "price": "0.14740000",
        "qty": "0.35000000",
        "quoteQty": "0.05159000",
        "time": 1629986255766,
        "isBuyerMaker": true,
        "isBestMatch": true
    },
    {
        "id": 3161615,
        "price": "0.14740000",
        "qty": "0.40000000",
        "quoteQty": "0.05896000",
        "time": 1629986255847,
        "isBuyerMaker": true,
        "isBestMatch": true
    },
    {
        "id": 3161616,
        "price": "0.14750000",
        "qty": "4.80000000",
        "quoteQty": "0.70800000",
        "time": 1629986256086,
        "isBuyerMaker": true,
        "isBestMatch": true
    },
    {
        "id": 3161617,
        "price": "0.14750000",
        "qty": "0.01000000",
        "quoteQty": "0.00147500",
        "time": 1629986256088,
        "isBuyerMaker": true,
        "isBestMatch": true
    },
    {
        "id": 3161618,
        "price": "0.14710000",
        "qty": "0.69000000",
        "quoteQty": "0.10149900",
        "time": 1629986256497,
        "isBuyerMaker": true,
        "isBestMatch": true
    },
    {
        "id": 3161619,
        "price": "0.14710000",
        "qty": "0.69000000",
        "quoteQty": "0.10149900",
        "time": 1629986256497,
        "isBuyerMaker": true,
        "isBestMatch": true
    },
    {
        "id": 3161620,
        "price": "0.14752000",
        "qty": "0.91000000",
        "quoteQty": "0.13424320",
        "time": 1629986256838,
        "isBuyerMaker": false,
        "isBestMatch": true
    },
    {
        "id": 3161621,
        "price": "0.14700000",
        "qty": "0.48000000",
        "quoteQty": "0.07056000",
        "time": 1629986258949,
        "isBuyerMaker": true,
        "isBestMatch": true
    },
    {
        "id": 3161622,
        "price": "0.14700000",
        "qty": "0.02000000",
        "quoteQty": "0.00294000",
        "time": 1629986258949,
        "isBuyerMaker": true,
        "isBestMatch": true
    },
    {
        "id": 3161623,
        "price": "0.14752000",
        "qty": "0.35000000",
        "quoteQty": "0.05163200",
        "time": 1629986264179,
        "isBuyerMaker": false,
        "isBestMatch": true
    },
    {
        "id": 3161624,
        "price": "0.14752000",
        "qty": "1.36000000",
        "quoteQty": "0.20062720",
        "time": 1629986264341,
        "isBuyerMaker": false,
        "isBestMatch": true
    },
    {
        "id": 3161625,
        "price": "0.14750000",
        "qty": "1.99000000",
        "quoteQty": "0.29352500",
        "time": 1629986267981,
        "isBuyerMaker": true,
        "isBestMatch": true
    },
    {
        "id": 3161626,
        "price": "0.14750000",
        "qty": "0.67000000",
        "quoteQty": "0.09882500",
        "time": 1629986267981,
        "isBuyerMaker": true,
        "isBestMatch": true
    },
    {
        "id": 3161627,
        "price": "0.14750000",
        "qty": "0.67000000",
        "quoteQty": "0.09882500",
        "time": 1629986267981,
        "isBuyerMaker": true,
        "isBestMatch": true
    },
    {
        "id": 3161628,
        "price": "0.14740000",
        "qty": "0.42000000",
        "quoteQty": "0.06190800",
        "time": 1629986268393,
        "isBuyerMaker": true,
        "isBestMatch": true
    },
    {
        "id": 3161629,
        "price": "0.14740000",
        "qty": "0.42000000",
        "quoteQty": "0.06190800",
        "time": 1629986268430,
        "isBuyerMaker": true,
        "isBestMatch": true
    },
    {
        "id": 3161630,
        "price": "0.14752000",
        "qty": "0.28000000",
        "quoteQty": "0.04130560",
        "time": 1629986270373,
        "isBuyerMaker": false,
        "isBestMatch": true
    },
    {
        "id": 3161631,
        "price": "0.14753000",
        "qty": "0.80000000",
        "quoteQty": "0.11802400",
        "time": 1629986270373,
        "isBuyerMaker": false,
        "isBestMatch": true
    },
    {
        "id": 3161632,
        "price": "0.14754000",
        "qty": "1.00000000",
        "quoteQty": "0.14754000",
        "time": 1629986270373,
        "isBuyerMaker": false,
        "isBestMatch": true
    },
    {
        "id": 3161633,
        "price": "0.14761000",
        "qty": "1.00000000",
        "quoteQty": "0.14761000",
        "time": 1629986270373,
        "isBuyerMaker": false,
        "isBestMatch": true
    },
    {
        "id": 3161634,
        "price": "0.14765000",
        "qty": "0.45000000",
        "quoteQty": "0.06644250",
        "time": 1629986270373,
        "isBuyerMaker": false,
        "isBestMatch": true
    },
    {
        "id": 3161635,
        "price": "0.14760000",
        "qty": "0.41000000",
        "quoteQty": "0.06051600",
        "time": 1629986270747,
        "isBuyerMaker": true,
        "isBestMatch": true
    },
    {
        "id": 3161636,
        "price": "0.14765000",
        "qty": "0.25000000",
        "quoteQty": "0.03691250",
        "time": 1629986274236,
        "isBuyerMaker": false,
        "isBestMatch": true
    },
    {
        "id": 3161637,
        "price": "0.14770000",
        "qty": "0.54000000",
        "quoteQty": "0.07975800",
        "time": 1629986274236,
        "isBuyerMaker": false,
        "isBestMatch": true
    },
    {
        "id": 3161638,
        "price": "0.14770000",
        "qty": "0.28000000",
        "quoteQty": "0.04135600",
        "time": 1629986279023,
        "isBuyerMaker": false,
        "isBestMatch": true
    },
    {
        "id": 3161639,
        "price": "0.14770000",
        "qty": "0.60000000",
        "quoteQty": "0.08862000",
        "time": 1629986279081,
        "isBuyerMaker": true,
        "isBestMatch": true
    },
    {
        "id": 3161640,
        "price": "0.14770000",
        "qty": "4.12000000",
        "quoteQty": "0.60852400",
        "time": 1629986279467,
        "isBuyerMaker": true,
        "isBestMatch": true
    },
    {
        "id": 3161641,
        "price": "0.14776000",
        "qty": "0.41000000",
        "quoteQty": "0.06058160",
        "time": 1629986279548,
        "isBuyerMaker": false,
        "isBestMatch": true
    },
    {
        "id": 3161642,
        "price": "0.14776000",
        "qty": "0.39000000",
        "quoteQty": "0.05762640",
        "time": 1629986279667,
        "isBuyerMaker": false,
        "isBestMatch": true
    },
    {
        "id": 3161643,
        "price": "0.14780000",
        "qty": "0.02000000",
        "quoteQty": "0.00295600",
        "time": 1629986279667,
        "isBuyerMaker": false,
        "isBestMatch": true
    },
    {
        "id": 3161644,
        "price": "0.14740000",
        "qty": "3.50000000",
        "quoteQty": "0.51590000",
        "time": 1629986293018,
        "isBuyerMaker": true,
        "isBestMatch": true
    },
    {
        "id": 3161645,
        "price": "0.14740000",
        "qty": "0.69000000",
        "quoteQty": "0.10170600",
        "time": 1629986293054,
        "isBuyerMaker": true,
        "isBestMatch": true
    },
    {
        "id": 3161646,
        "price": "0.14780000",
        "qty": "0.69000000",
        "quoteQty": "0.10198200",
        "time": 1629986307385,
        "isBuyerMaker": true,
        "isBestMatch": true
    },
    {
        "id": 3161647,
        "price": "0.14760000",
        "qty": "0.69000000",
        "quoteQty": "0.10184400",
        "time": 1629986308654,
        "isBuyerMaker": true,
        "isBestMatch": true
    },
    {
        "id": 3161648,
        "price": "0.14789000",
        "qty": "0.48000000",
        "quoteQty": "0.07098720",
        "time": 1629986309478,
        "isBuyerMaker": false,
        "isBestMatch": true
    },
    {
        "id": 3161649,
        "price": "0.14789000",
        "qty": "0.22000000",
        "quoteQty": "0.03253580",
        "time": 1629986318495,
        "isBuyerMaker": false,
        "isBestMatch": true
    },
    {
        "id": 3161650,
        "price": "0.14790000",
        "qty": "0.80000000",
        "quoteQty": "0.11832000",
        "time": 1629986318495,
        "isBuyerMaker": false,
        "isBestMatch": true
    },
    {
        "id": 3161651,
        "price": "0.14790000",
        "qty": "0.50000000",
        "quoteQty": "0.07395000",
        "time": 1629986318495,
        "isBuyerMaker": false,
        "isBestMatch": true
    },
    {
        "id": 3161652,
        "price": "0.14793000",
        "qty": "4.80000000",
        "quoteQty": "0.71006400",
        "time": 1629986320853,
        "isBuyerMaker": false,
        "isBestMatch": true
    },
    {
        "id": 3161653,
        "price": "0.14794000",
        "qty": "0.70000000",
        "quoteQty": "0.10355800",
        "time": 1629986320853,
        "isBuyerMaker": false,
        "isBestMatch": true
    },
    {
        "id": 3161654,
        "price": "0.14800000",
        "qty": "28.35000000",
        "quoteQty": "4.19580000",
        "time": 1629986320853,
        "isBuyerMaker": false,
        "isBestMatch": true
    },
    {
        "id": 3161655,
        "price": "0.14800000",
        "qty": "3.49000000",
        "quoteQty": "0.51652000",
        "time": 1629986320853,
        "isBuyerMaker": false,
        "isBestMatch": true
    },
    {
        "id": 3161656,
        "price": "0.14800000",
        "qty": "0.48000000",
        "quoteQty": "0.07104000",
        "time": 1629986320853,
        "isBuyerMaker": false,
        "isBestMatch": true
    },
    {
        "id": 3161657,
        "price": "0.14802000",
        "qty": "0.68000000",
        "quoteQty": "0.10065360",
        "time": 1629986322869,
        "isBuyerMaker": false,
        "isBestMatch": true
    },
    {
        "id": 3161658,
        "price": "0.14800000",
        "qty": "0.48000000",
        "quoteQty": "0.07104000",
        "time": 1629986326484,
        "isBuyerMaker": true,
        "isBestMatch": true
    },
    {
        "id": 3161659,
        "price": "0.14800000",
        "qty": "0.28000000",
        "quoteQty": "0.04144000",
        "time": 1629986326484,
        "isBuyerMaker": true,
        "isBestMatch": true
    },
    {
        "id": 3161660,
        "price": "0.14800000",
        "qty": "0.48000000",
        "quoteQty": "0.07104000",
        "time": 1629986327249,
        "isBuyerMaker": true,
        "isBestMatch": true
    },
    {
        "id": 3161661,
        "price": "0.14800000",
        "qty": "4.79000000",
        "quoteQty": "0.70892000",
        "time": 1629986327249,
        "isBuyerMaker": true,
        "isBestMatch": true
    },
    {
        "id": 3161662,
        "price": "0.14802000",
        "qty": "0.12000000",
        "quoteQty": "0.01776240",
        "time": 1629986330712,
        "isBuyerMaker": false,
        "isBestMatch": true
    },
    {
        "id": 3161663,
        "price": "0.14802000",
        "qty": "1.00000000",
        "quoteQty": "0.14802000",
        "time": 1629986330712,
        "isBuyerMaker": false,
        "isBestMatch": true
    },
    {
        "id": 3161664,
        "price": "0.14804000",
        "qty": "0.70000000",
        "quoteQty": "0.10362800",
        "time": 1629986330712,
        "isBuyerMaker": false,
        "isBestMatch": true
    },
    {
        "id": 3161665,
        "price": "0.14814000",
        "qty": "0.68000000",
        "quoteQty": "0.10073520",
        "time": 1629986330712,
        "isBuyerMaker": false,
        "isBestMatch": true
    },
    {
        "id": 3161666,
        "price": "0.14814000",
        "qty": "0.02000000",
        "quoteQty": "0.00296280",
        "time": 1629986330720,
        "isBuyerMaker": false,
        "isBestMatch": true
    },
    {
        "id": 3161667,
        "price": "0.14820000",
        "qty": "0.91000000",
        "quoteQty": "0.13486200",
        "time": 1629986330720,
        "isBuyerMaker": false,
        "isBestMatch": true
    },
    {
        "id": 3161668,
        "price": "0.14820000",
        "qty": "2.68000000",
        "quoteQty": "0.39717600",
        "time": 1629986330720,
        "isBuyerMaker": false,
        "isBestMatch": true
    },
    {
        "id": 3161669,
        "price": "0.14820000",
        "qty": "11.32000000",
        "quoteQty": "1.67762400",
        "time": 1629986330748,
        "isBuyerMaker": false,
        "isBestMatch": true
    },
    {
        "id": 3161670,
        "price": "0.14820000",
        "qty": "0.69000000",
        "quoteQty": "0.10225800",
        "time": 1629986330748,
        "isBuyerMaker": false,
        "isBestMatch": true
    },
    {
        "id": 3161671,
        "price": "0.14820000",
        "qty": "4.81000000",
        "quoteQty": "0.71284200",
        "time": 1629986330748,
        "isBuyerMaker": false,
        "isBestMatch": true
    },
    {
        "id": 3161672,
        "price": "0.14822000",
        "qty": "0.70000000",
        "quoteQty": "0.10375400",
        "time": 1629986332017,
        "isBuyerMaker": false,
        "isBestMatch": true
    },
    {
        "id": 3161673,
        "price": "0.14834000",
        "qty": "0.60000000",
        "quoteQty": "0.08900400",
        "time": 1629986332017,
        "isBuyerMaker": false,
        "isBestMatch": true
    },
    {
        "id": 3161674,
        "price": "0.14837000",
        "qty": "3.42000000",
        "quoteQty": "0.50742540",
        "time": 1629986332017,
        "isBuyerMaker": false,
        "isBestMatch": true
    },
    {
        "id": 3161675,
        "price": "0.14837000",
        "qty": "0.18000000",
        "quoteQty": "0.02670660",
        "time": 1629986333946,
        "isBuyerMaker": false,
        "isBestMatch": true
    },
    {
        "id": 3161676,
        "price": "0.14840000",
        "qty": "0.53000000",
        "quoteQty": "0.07865200",
        "time": 1629986333946,
        "isBuyerMaker": false,
        "isBestMatch": true
    },
    {
        "id": 3161677,
        "price": "0.14841000",
        "qty": "4.80000000",
        "quoteQty": "0.71236800",
        "time": 1629986333946,
        "isBuyerMaker": false,
        "isBestMatch": true
    },
    {
        "id": 3161678,
        "price": "0.14844000",
        "qty": "0.70000000",
        "quoteQty": "0.10390800",
        "time": 1629986333946,
        "isBuyerMaker": false,
        "isBestMatch": true
    },
    {
        "id": 3161679,
        "price": "0.14844000",
        "qty": "0.80000000",
        "quoteQty": "0.11875200",
        "time": 1629986333946,
        "isBuyerMaker": false,
        "isBestMatch": true
    },
    {
        "id": 3161680,
        "price": "0.14847000",
        "qty": "0.90000000",
        "quoteQty": "0.13362300",
        "time": 1629986333946,
        "isBuyerMaker": false,
        "isBestMatch": true
    },
    {
        "id": 3161681,
        "price": "0.14847000",
        "qty": "0.40000000",
        "quoteQty": "0.05938800",
        "time": 1629986333946,
        "isBuyerMaker": false,
        "isBestMatch": true
    },
    {
        "id": 3161682,
        "price": "0.14852000",
        "qty": "0.80000000",
        "quoteQty": "0.11881600",
        "time": 1629986333946,
        "isBuyerMaker": false,
        "isBestMatch": true
    },
    {
        "id": 3161683,
        "price": "0.14857000",
        "qty": "0.60000000",
        "quoteQty": "0.08914200",
        "time": 1629986333946,
        "isBuyerMaker": false,
        "isBestMatch": true
    },
    {
        "id": 3161684,
        "price": "0.14857000",
        "qty": "0.70000000",
        "quoteQty": "0.10399900",
        "time": 1629986333946,
        "isBuyerMaker": false,
        "isBestMatch": true
    },
    {
        "id": 3161685,
        "price": "0.14860000",
        "qty": "8.12000000",
        "quoteQty": "1.20663200",
        "time": 1629986333946,
        "isBuyerMaker": false,
        "isBestMatch": true
    },
    {
        "id": 3161686,
        "price": "0.14864000",
        "qty": "4.00000000",
        "quoteQty": "0.59456000",
        "time": 1629986333946,
        "isBuyerMaker": false,
        "isBestMatch": true
    },
    {
        "id": 3161687,
        "price": "0.14868000",
        "qty": "0.60000000",
        "quoteQty": "0.08920800",
        "time": 1629986333946,
        "isBuyerMaker": false,
        "isBestMatch": true
    },
    {
        "id": 3161688,
        "price": "0.14870000",
        "qty": "0.67000000",
        "quoteQty": "0.09962900",
        "time": 1629986333946,
        "isBuyerMaker": false,
        "isBestMatch": true
    },
    {
        "id": 3161689,
        "price": "0.14870000",
        "qty": "0.67000000",
        "quoteQty": "0.09962900",
        "time": 1629986333946,
        "isBuyerMaker": false,
        "isBestMatch": true
    },
    {
        "id": 3161690,
        "price": "0.14870000",
        "qty": "4.79000000",
        "quoteQty": "0.71227300",
        "time": 1629986333946,
        "isBuyerMaker": false,
        "isBestMatch": true
    },
    {
        "id": 3161691,
        "price": "0.14875000",
        "qty": "2.90000000",
        "quoteQty": "0.43137500",
        "time": 1629986333946,
        "isBuyerMaker": false,
        "isBestMatch": true
    },
    {
        "id": 3161692,
        "price": "0.14880000",
        "qty": "0.69000000",
        "quoteQty": "0.10267200",
        "time": 1629986333946,
        "isBuyerMaker": false,
        "isBestMatch": true
    },
    {
        "id": 3161693,
        "price": "0.14880000",
        "qty": "34.27000000",
        "quoteQty": "5.09937600",
        "time": 1629986333946,
        "isBuyerMaker": false,
        "isBestMatch": true
    },
    {
        "id": 3161694,
        "price": "0.14881000",
        "qty": "6.30000000",
        "quoteQty": "0.93750300",
        "time": 1629986333946,
        "isBuyerMaker": false,
        "isBestMatch": true
    },
    {
        "id": 3161695,
        "price": "0.14881000",
        "qty": "2.21000000",
        "quoteQty": "0.32887010",
        "time": 1629986333946,
        "isBuyerMaker": false,
        "isBestMatch": true
    },
    {
        "id": 3161696,
        "price": "0.14870000",
        "qty": "4.73000000",
        "quoteQty": "0.70335100",
        "time": 1629986334016,
        "isBuyerMaker": false,
        "isBestMatch": true
    },
    {
        "id": 3161697,
        "price": "0.14860000",
        "qty": "0.79000000",
        "quoteQty": "0.11739400",
        "time": 1629986334673,
        "isBuyerMaker": false,
        "isBestMatch": true
    },
    {
        "id": 3161698,
        "price": "0.14860000",
        "qty": "4.73000000",
        "quoteQty": "0.70287800",
        "time": 1629986335019,
        "isBuyerMaker": false,
        "isBestMatch": true
    },
    {
        "id": 3161699,
        "price": "0.14860000",
        "qty": "0.90000000",
        "quoteQty": "0.13374000",
        "time": 1629986337999,
        "isBuyerMaker": false,
        "isBestMatch": true
    },
    {
        "id": 3161700,
        "price": "0.14860000",
        "qty": "0.78000000",
        "quoteQty": "0.11590800",
        "time": 1629986338056,
        "isBuyerMaker": false,
        "isBestMatch": true
    },
    {
        "id": 3161701,
        "price": "0.14850000",
        "qty": "4.78000000",
        "quoteQty": "0.70983000",
        "time": 1629986338190,
        "isBuyerMaker": true,
        "isBestMatch": true
    },
    {
        "id": 3161702,
        "price": "0.14820000",
        "qty": "0.67000000",
        "quoteQty": "0.09929400",
        "time": 1629986341555,
        "isBuyerMaker": true,
        "isBestMatch": true
    },
    {
        "id": 3161703,
        "price": "0.14820000",
        "qty": "0.67000000",
        "quoteQty": "0.09929400",
        "time": 1629986341555,
        "isBuyerMaker": true,
        "isBestMatch": true
    },
    {
        "id": 3161704,
        "price": "0.14800000",
        "qty": "0.68000000",
        "quoteQty": "0.10064000",
        "time": 1629986345363,
        "isBuyerMaker": true,
        "isBestMatch": true
    },
    {
        "id": 3161705,
        "price": "0.14800000",
        "qty": "0.80000000",
        "quoteQty": "0.11840000",
        "time": 1629986345363,
        "isBuyerMaker": true,
        "isBestMatch": true
    },
    {
        "id": 3161706,
        "price": "0.14800000",
        "qty": "4.79000000",
        "quoteQty": "0.70892000",
        "time": 1629986345363,
        "isBuyerMaker": true,
        "isBestMatch": true
    },
    {
        "id": 3161707,
        "price": "0.14850000",
        "qty": "0.68000000",
        "quoteQty": "0.10098000",
        "time": 1629986350112,
        "isBuyerMaker": false,
        "isBestMatch": true
    },
    {
        "id": 3161708,
        "price": "0.14780000",
        "qty": "0.70000000",
        "quoteQty": "0.10346000",
        "time": 1629986350356,
        "isBuyerMaker": true,
        "isBestMatch": true
    },
    {
        "id": 3161709,
        "price": "0.14780000",
        "qty": "0.69000000",
        "quoteQty": "0.10198200",
        "time": 1629986350356,
        "isBuyerMaker": true,
        "isBestMatch": true
    },
    {
        "id": 3161710,
        "price": "0.14850000",
        "qty": "4.02000000",
        "quoteQty": "0.59697000",
        "time": 1629986350661,
        "isBuyerMaker": false,
        "isBestMatch": true
    },
    {
        "id": 3161711,
        "price": "0.14850000",
        "qty": "9.98000000",
        "quoteQty": "1.48203000",
        "time": 1629986350661,
        "isBuyerMaker": false,
        "isBestMatch": true
    },
    {
        "id": 3161712,
        "price": "0.14850000",
        "qty": "0.68000000",
        "quoteQty": "0.10098000",
        "time": 1629986351430,
        "isBuyerMaker": false,
        "isBestMatch": true
    },
    {
        "id": 3161713,
        "price": "0.14750000",
        "qty": "0.39000000",
        "quoteQty": "0.05752500",
        "time": 1629986351727,
        "isBuyerMaker": true,
        "isBestMatch": true
    },
    {
        "id": 3161714,
        "price": "0.14750000",
        "qty": "0.56000000",
        "quoteQty": "0.08260000",
        "time": 1629986351919,
        "isBuyerMaker": true,
        "isBestMatch": true
    },
    {
        "id": 3161715,
        "price": "0.14750000",
        "qty": "1.80000000",
        "quoteQty": "0.26550000",
        "time": 1629986353644,
        "isBuyerMaker": true,
        "isBestMatch": true
    },
    {
        "id": 3161716,
        "price": "0.14850000",
        "qty": "0.34000000",
        "quoteQty": "0.05049000",
        "time": 1629986355379,
        "isBuyerMaker": false,
        "isBestMatch": true
    },
    {
        "id": 3161717,
        "price": "0.14850000",
        "qty": "2.40000000",
        "quoteQty": "0.35640000",
        "time": 1629986355379,
        "isBuyerMaker": false,
        "isBestMatch": true
    },
    {
        "id": 3161718,
        "price": "0.14830000",
        "qty": "16.00000000",
        "quoteQty": "2.37280000",
        "time": 1629986358944,
        "isBuyerMaker": false,
        "isBestMatch": true
    },
    {
        "id": 3161719,
        "price": "0.14830000",
        "qty": "16.01000000",
        "quoteQty": "2.37428300",
        "time": 1629986360947,
        "isBuyerMaker": false,
        "isBestMatch": true
    },
    {
        "id": 3161720,
        "price": "0.14830000",
        "qty": "11.94000000",
        "quoteQty": "1.77070200",
        "time": 1629986361947,
        "isBuyerMaker": false,
        "isBestMatch": true
    },
    {
        "id": 3161721,
        "price": "0.14830000",
        "qty": "4.07000000",
        "quoteQty": "0.60358100",
        "time": 1629986361947,
        "isBuyerMaker": false,
        "isBestMatch": true
    },
    {
        "id": 3161722,
        "price": "0.14770000",
        "qty": "33.85000000",
        "quoteQty": "4.99964500",
        "time": 1629986368365,
        "isBuyerMaker": true,
        "isBestMatch": true
    },
    {
        "id": 3161723,
        "price": "0.14810000",
        "qty": "1.20000000",
        "quoteQty": "0.17772000",
        "time": 1629986375495,
        "isBuyerMaker": false,
        "isBestMatch": true
    },
    {
        "id": 3161724,
        "price": "0.14820000",
        "qty": "33.85000000",
        "quoteQty": "5.01657000",
        "time": 1629986375495,
        "isBuyerMaker": false,
        "isBestMatch": true
    },
    {
        "id": 3161725,
        "price": "0.14820000",
        "qty": "0.12000000",
        "quoteQty": "0.01778400",
        "time": 1629986375495,
        "isBuyerMaker": false,
        "isBestMatch": true
    },
    {
        "id": 3161726,
        "price": "0.14860000",
        "qty": "5.92000000",
        "quoteQty": "0.87971200",
        "time": 1629986385690,
        "isBuyerMaker": false,
        "isBestMatch": true
    },
    {
        "id": 3161727,
        "price": "0.14860000",
        "qty": "5.93000000",
        "quoteQty": "0.88119800",
        "time": 1629986387687,
        "isBuyerMaker": false,
        "isBestMatch": true
    },
    {
        "id": 3161728,
        "price": "0.14850000",
        "qty": "5.93000000",
        "quoteQty": "0.88060500",
        "time": 1629986388690,
        "isBuyerMaker": false,
        "isBestMatch": true
    },
    {
        "id": 3161729,
        "price": "0.14850000",
        "qty": "49.70000000",
        "quoteQty": "7.38045000",
        "time": 1629986389103,
        "isBuyerMaker": false,
        "isBestMatch": true
    },
    {
        "id": 3161730,
        "price": "0.14870000",
        "qty": "4.79000000",
        "quoteQty": "0.71227300",
        "time": 1629986394175,
        "isBuyerMaker": false,
        "isBestMatch": true
    },
    {
        "id": 3161731,
        "price": "0.14880000",
        "qty": "0.69000000",
        "quoteQty": "0.10267200",
        "time": 1629986395415,
        "isBuyerMaker": false,
        "isBestMatch": true
    },
    {
        "id": 3161732,
        "price": "0.14860000",
        "qty": "0.35000000",
        "quoteQty": "0.05201000",
        "time": 1629986399706,
        "isBuyerMaker": true,
        "isBestMatch": true
    },
    {
        "id": 3161733,
        "price": "0.14840000",
        "qty": "0.77000000",
        "quoteQty": "0.11426800",
        "time": 1629986401772,
        "isBuyerMaker": true,
        "isBestMatch": true
    },
    {
        "id": 3161734,
        "price": "0.14830000",
        "qty": "1.36000000",
        "quoteQty": "0.20168800",
        "time": 1629986414736,
        "isBuyerMaker": true,
        "isBestMatch": true
    },
    {
        "id": 3161735,
        "price": "0.14830000",
        "qty": "1.50000000",
        "quoteQty": "0.22245000",
        "time": 1629986415219,
        "isBuyerMaker": true,
        "isBestMatch": true
    },
    {
        "id": 3161736,
        "price": "0.14870000",
        "qty": "0.34000000",
        "quoteQty": "0.05055800",
        "time": 1629986421250,
        "isBuyerMaker": false,
        "isBestMatch": true
    },
    {
        "id": 3161737,
        "price": "0.14820000",
        "qty": "34.28000000",
        "quoteQty": "5.08029600",
        "time": 1629986422941,
        "isBuyerMaker": true,
        "isBestMatch": true
    },
    {
        "id": 3161738,
        "price": "0.14860000",
        "qty": "2.00000000",
        "quoteQty": "0.29720000",
        "time": 1629986423884,
        "isBuyerMaker": false,
        "isBestMatch": true
    },
    {
        "id": 3161739,
        "price": "0.14800000",
        "qty": "4.79000000",
        "quoteQty": "0.70892000",
        "time": 1629986425163,
        "isBuyerMaker": true,
        "isBestMatch": true
    },
    {
        "id": 3161740,
        "price": "0.14780000",
        "qty": "0.69000000",
        "quoteQty": "0.10198200",
        "time": 1629986425976,
        "isBuyerMaker": true,
        "isBestMatch": true
    },
    {
        "id": 3161741,
        "price": "0.14780000",
        "qty": "1.11000000",
        "quoteQty": "0.16405800",
        "time": 1629986425976,
        "isBuyerMaker": true,
        "isBestMatch": true
    },
    {
        "id": 3161742,
        "price": "0.14870000",
        "qty": "4.79000000",
        "quoteQty": "0.71227300",
        "time": 1629986439253,
        "isBuyerMaker": false,
        "isBestMatch": true
    },
    {
        "id": 3161743,
        "price": "0.14880000",
        "qty": "0.34000000",
        "quoteQty": "0.05059200",
        "time": 1629986443478,
        "isBuyerMaker": false,
        "isBestMatch": true
    },
    {
        "id": 3161744,
        "price": "0.14880000",
        "qty": "0.35000000",
        "quoteQty": "0.05208000",
        "time": 1629986443543,
        "isBuyerMaker": false,
        "isBestMatch": true
    },
    {
        "id": 3161745,
        "price": "0.14870000",
        "qty": "1.06000000",
        "quoteQty": "0.15762200",
        "time": 1629986444033,
        "isBuyerMaker": true,
        "isBestMatch": true
    },
    {
        "id": 3161746,
        "price": "0.14881000",
        "qty": "1.35000000",
        "quoteQty": "0.20089350",
        "time": 1629986444274,
        "isBuyerMaker": false,
        "isBestMatch": true
    },
    {
        "id": 3161747,
        "price": "0.14881000",
        "qty": "2.04000000",
        "quoteQty": "0.30357240",
        "time": 1629986444498,
        "isBuyerMaker": false,
        "isBestMatch": true
    },
    {
        "id": 3161748,
        "price": "0.14882000",
        "qty": "0.70000000",
        "quoteQty": "0.10417400",
        "time": 1629986444498,
        "isBuyerMaker": false,
        "isBestMatch": true
    },
    {
        "id": 3161749,
        "price": "0.14882000",
        "qty": "0.90000000",
        "quoteQty": "0.13393800",
        "time": 1629986444498,
        "isBuyerMaker": false,
        "isBestMatch": true
    },
    {
        "id": 3161750,
        "price": "0.14885000",
        "qty": "0.70000000",
        "quoteQty": "0.10419500",
        "time": 1629986444498,
        "isBuyerMaker": false,
        "isBestMatch": true
    },
    {
        "id": 3161751,
        "price": "0.14889000",
        "qty": "4.70000000",
        "quoteQty": "0.69978300",
        "time": 1629986444498,
        "isBuyerMaker": false,
        "isBestMatch": true
    },
    {
        "id": 3161752,
        "price": "0.14890000",
        "qty": "10.00000000",
        "quoteQty": "1.48900000",
        "time": 1629986444498,
        "isBuyerMaker": false,
        "isBestMatch": true
    },
    {
        "id": 3161753,
        "price": "0.14890000",
        "qty": "0.40000000",
        "quoteQty": "0.05956000",
        "time": 1629986444498,
        "isBuyerMaker": false,
        "isBestMatch": true
    },
    {
        "id": 3161754,
        "price": "0.14890000",
        "qty": "0.70000000",
        "quoteQty": "0.10423000",
        "time": 1629986444498,
        "isBuyerMaker": false,
        "isBestMatch": true
    },
    {
        "id": 3161755,
        "price": "0.14892000",
        "qty": "0.80000000",
        "quoteQty": "0.11913600",
        "time": 1629986444958,
        "isBuyerMaker": false,
        "isBestMatch": true
    },
    {
        "id": 3161756,
        "price": "0.14901000",
        "qty": "0.80000000",
        "quoteQty": "0.11920800",
        "time": 1629986445316,
        "isBuyerMaker": false,
        "isBestMatch": true
    },
    {
        "id": 3161757,
        "price": "0.14906000",
        "qty": "1.00000000",
        "quoteQty": "0.14906000",
        "time": 1629986445316,
        "isBuyerMaker": false,
        "isBestMatch": true
    },
    {
        "id": 3161758,
        "price": "0.14910000",
        "qty": "0.80000000",
        "quoteQty": "0.11928000",
        "time": 1629986445316,
        "isBuyerMaker": false,
        "isBestMatch": true
    },
    {
        "id": 3161759,
        "price": "0.14910000",
        "qty": "0.48000000",
        "quoteQty": "0.07156800",
        "time": 1629986445316,
        "isBuyerMaker": false,
        "isBestMatch": true
    },
    {
        "id": 3161760,
        "price": "0.14910000",
        "qty": "0.68000000",
        "quoteQty": "0.10138800",
        "time": 1629986445316,
        "isBuyerMaker": false,
        "isBestMatch": true
    },
    {
        "id": 3161761,
        "price": "0.14911000",
        "qty": "102.15000000",
        "quoteQty": "15.23158650",
        "time": 1629986446045,
        "isBuyerMaker": false,
        "isBestMatch": true
    },
    {
        "id": 3161762,
        "price": "0.14911000",
        "qty": "16.75000000",
        "quoteQty": "2.49759250",
        "time": 1629986446348,
        "isBuyerMaker": false,
        "isBestMatch": true
    },
    {
        "id": 3161763,
        "price": "0.14914000",
        "qty": "1.00000000",
        "quoteQty": "0.14914000",
        "time": 1629986446348,
        "isBuyerMaker": false,
        "isBestMatch": true
    },
    {
        "id": 3161764,
        "price": "0.14920000",
        "qty": "4.78000000",
        "quoteQty": "0.71317600",
        "time": 1629986446348,
        "isBuyerMaker": false,
        "isBestMatch": true
    },
    {
        "id": 3161765,
        "price": "0.14920000",
        "qty": "14.00000000",
        "quoteQty": "2.08880000",
        "time": 1629986446348,
        "isBuyerMaker": false,
        "isBestMatch": true
    },
    {
        "id": 3161766,
        "price": "0.14923000",
        "qty": "0.60000000",
        "quoteQty": "0.08953800",
        "time": 1629986447944,
        "isBuyerMaker": false,
        "isBestMatch": true
    },
    {
        "id": 3161767,
        "price": "0.14923000",
        "qty": "0.11000000",
        "quoteQty": "0.01641530",
        "time": 1629986447944,
        "isBuyerMaker": false,
        "isBestMatch": true
    },
    {
        "id": 3161768,
        "price": "0.14923000",
        "qty": "0.59000000",
        "quoteQty": "0.08804570",
        "time": 1629986449092,
        "isBuyerMaker": false,
        "isBestMatch": true
    },
    {
        "id": 3161769,
        "price": "0.14930000",
        "qty": "0.19000000",
        "quoteQty": "0.02836700",
        "time": 1629986449092,
        "isBuyerMaker": false,
        "isBestMatch": true
    },
    {
        "id": 3161770,
        "price": "0.14910000",
        "qty": "5.41000000",
        "quoteQty": "0.80663100",
        "time": 1629986450113,
        "isBuyerMaker": true,
        "isBestMatch": true
    },
    {
        "id": 3161771,
        "price": "0.14900000",
        "qty": "0.41000000",
        "quoteQty": "0.06109000",
        "time": 1629986450564,
        "isBuyerMaker": true,
        "isBestMatch": true
    },
    {
        "id": 3161772,
        "price": "0.14900000",
        "qty": "0.48000000",
        "quoteQty": "0.07152000",
        "time": 1629986450564,
        "isBuyerMaker": true,
        "isBestMatch": true
    },
    {
        "id": 3161773,
        "price": "0.14900000",
        "qty": "4.76000000",
        "quoteQty": "0.70924000",
        "time": 1629986450564,
        "isBuyerMaker": true,
        "isBestMatch": true
    },
    {
        "id": 3161774,
        "price": "0.14890000",
        "qty": "0.68000000",
        "quoteQty": "0.10125200",
        "time": 1629986451268,
        "isBuyerMaker": true,
        "isBestMatch": true
    },
    {
        "id": 3161775,
        "price": "0.14930000",
        "qty": "0.51000000",
        "quoteQty": "0.07614300",
        "time": 1629986453321,
        "isBuyerMaker": false,
        "isBestMatch": true
    },
    {
        "id": 3161776,
        "price": "0.14930000",
        "qty": "1.06000000",
        "quoteQty": "0.15825800",
        "time": 1629986453321,
        "isBuyerMaker": false,
        "isBestMatch": true
    },
    {
        "id": 3161777,
        "price": "0.14930000",
        "qty": "3.71000000",
        "quoteQty": "0.55390300",
        "time": 1629986453321,
        "isBuyerMaker": false,
        "isBestMatch": true
    },
    {
        "id": 3161778,
        "price": "0.14930000",
        "qty": "0.76000000",
        "quoteQty": "0.11346800",
        "time": 1629986454228,
        "isBuyerMaker": false,
        "isBestMatch": true
    },
    {
        "id": 3161779,
        "price": "0.14937000",
        "qty": "4.70000000",
        "quoteQty": "0.70203900",
        "time": 1629986459843,
        "isBuyerMaker": false,
        "isBestMatch": true
    },
    {
        "id": 3161780,
        "price": "0.14940000",
        "qty": "0.67000000",
        "quoteQty": "0.10009800",
        "time": 1629986459968,
        "isBuyerMaker": false,
        "isBestMatch": true
    },
    {
        "id": 3161781,
        "price": "0.14940000",
        "qty": "0.67000000",
        "quoteQty": "0.10009800",
        "time": 1629986459968,
        "isBuyerMaker": false,
        "isBestMatch": true
    },
    {
        "id": 3161782,
        "price": "0.14946000",
        "qty": "0.70000000",
        "quoteQty": "0.10462200",
        "time": 1629986460269,
        "isBuyerMaker": false,
        "isBestMatch": true
    },
    {
        "id": 3161783,
        "price": "0.14947000",
        "qty": "0.80000000",
        "quoteQty": "0.11957600",
        "time": 1629986460269,
        "isBuyerMaker": false,
        "isBestMatch": true
    },
    {
        "id": 3161784,
        "price": "0.14950000",
        "qty": "0.80000000",
        "quoteQty": "0.11960000",
        "time": 1629986460269,
        "isBuyerMaker": false,
        "isBestMatch": true
    },
    {
        "id": 3161785,
        "price": "0.14950000",
        "qty": "0.91000000",
        "quoteQty": "0.13604500",
        "time": 1629986460269,
        "isBuyerMaker": false,
        "isBestMatch": true
    },
    {
        "id": 3161786,
        "price": "0.14950000",
        "qty": "0.80000000",
        "quoteQty": "0.11960000",
        "time": 1629986460269,
        "isBuyerMaker": false,
        "isBestMatch": true
    },
    {
        "id": 3161787,
        "price": "0.14930000",
        "qty": "0.41000000",
        "quoteQty": "0.06121300",
        "time": 1629986463489,
        "isBuyerMaker": true,
        "isBestMatch": true
    },
    {
        "id": 3161788,
        "price": "0.14930000",
        "qty": "0.25000000",
        "quoteQty": "0.03732500",
        "time": 1629986463663,
        "isBuyerMaker": true,
        "isBestMatch": true
    },
    {
        "id": 3161789,
        "price": "0.14930000",
        "qty": "0.16000000",
        "quoteQty": "0.02388800",
        "time": 1629986463663,
        "isBuyerMaker": true,
        "isBestMatch": true
    },
    {
        "id": 3161790,
        "price": "0.14950000",
        "qty": "4.75000000",
        "quoteQty": "0.71012500",
        "time": 1629986463972,
        "isBuyerMaker": true,
        "isBestMatch": true
    },
    {
        "id": 3161791,
        "price": "0.14930000",
        "qty": "0.50000000",
        "quoteQty": "0.07465000",
        "time": 1629986463994,
        "isBuyerMaker": true,
        "isBestMatch": true
    },
    {
        "id": 3161792,
        "price": "0.14900000",
        "qty": "4.25000000",
        "quoteQty": "0.63325000",
        "time": 1629986463994,
        "isBuyerMaker": true,
        "isBestMatch": true
    },
    {
        "id": 3161793,
        "price": "0.14950000",
        "qty": "0.78000000",
        "quoteQty": "0.11661000",
        "time": 1629986465384,
        "isBuyerMaker": false,
        "isBestMatch": true
    },
    {
        "id": 3161794,
        "price": "0.14950000",
        "qty": "3.47000000",
        "quoteQty": "0.51876500",
        "time": 1629986465632,
        "isBuyerMaker": false,
        "isBestMatch": true
    },
    {
        "id": 3161795,
        "price": "0.14958000",
        "qty": "0.70000000",
        "quoteQty": "0.10470600",
        "time": 1629986465632,
        "isBuyerMaker": false,
        "isBestMatch": true
    },
    {
        "id": 3161796,
        "price": "0.14959000",
        "qty": "0.90000000",
        "quoteQty": "0.13463100",
        "time": 1629986465632,
        "isBuyerMaker": false,
        "isBestMatch": true
    },
    {
        "id": 3161797,
        "price": "0.14960000",
        "qty": "0.79000000",
        "quoteQty": "0.11818400",
        "time": 1629986465632,
        "isBuyerMaker": false,
        "isBestMatch": true
    },
    {
        "id": 3161798,
        "price": "0.14960000",
        "qty": "0.76000000",
        "quoteQty": "0.11369600",
        "time": 1629986465632,
        "isBuyerMaker": false,
        "isBestMatch": true
    },
    {
        "id": 3161799,
        "price": "0.14960000",
        "qty": "0.68000000",
        "quoteQty": "0.10172800",
        "time": 1629986465632,
        "isBuyerMaker": false,
        "isBestMatch": true
    },
    {
        "id": 3161800,
        "price": "0.14961000",
        "qty": "1.00000000",
        "quoteQty": "0.14961000",
        "time": 1629986465632,
        "isBuyerMaker": false,
        "isBestMatch": true
    },
    {
        "id": 3161801,
        "price": "0.14963000",
        "qty": "5.10000000",
        "quoteQty": "0.76311300",
        "time": 1629986465632,
        "isBuyerMaker": false,
        "isBestMatch": true
    },
    {
        "id": 3161802,
        "price": "0.14968000",
        "qty": "0.60000000",
        "quoteQty": "0.08980800",
        "time": 1629986465632,
        "isBuyerMaker": false,
        "isBestMatch": true
    },
    {
        "id": 3161803,
        "price": "0.14870000",
        "qty": "0.70000000",
        "quoteQty": "0.10409000",
        "time": 1629986468207,
        "isBuyerMaker": true,
        "isBestMatch": true
    },
    {
        "id": 3161804,
        "price": "0.14870000",
        "qty": "0.90000000",
        "quoteQty": "0.13383000",
        "time": 1629986468207,
        "isBuyerMaker": true,
        "isBestMatch": true
    },
    {
        "id": 3161805,
        "price": "0.14930000",
        "qty": "0.89000000",
        "quoteQty": "0.13287700",
        "time": 1629986470204,
        "isBuyerMaker": false,
        "isBestMatch": true
    },
    {
        "id": 3161806,
        "price": "0.14930000",
        "qty": "19.00000000",
        "quoteQty": "2.83670000",
        "time": 1629986476361,
        "isBuyerMaker": false,
        "isBestMatch": true
    },
    {
        "id": 3161807,
        "price": "0.14968000",
        "qty": "0.10000000",
        "quoteQty": "0.01496800",
        "time": 1629986477009,
        "isBuyerMaker": false,
        "isBestMatch": true
    },
    {
        "id": 3161808,
        "price": "0.14970000",
        "qty": "0.31000000",
        "quoteQty": "0.04640700",
        "time": 1629986477009,
        "isBuyerMaker": false,
        "isBestMatch": true
    },
    {
        "id": 3161809,
        "price": "0.14970000",
        "qty": "0.39000000",
        "quoteQty": "0.05838300",
        "time": 1629986477083,
        "isBuyerMaker": false,
        "isBestMatch": true
    },
    {
        "id": 3161810,
        "price": "0.14970000",
        "qty": "0.02000000",
        "quoteQty": "0.00299400",
        "time": 1629986477083,
        "isBuyerMaker": false,
        "isBestMatch": true
    },
    {
        "id": 3161811,
        "price": "0.14940000",
        "qty": "0.68000000",
        "quoteQty": "0.10159200",
        "time": 1629986478294,
        "isBuyerMaker": true,
        "isBestMatch": true
    },
    {
        "id": 3161812,
        "price": "0.14960000",
        "qty": "0.69000000",
        "quoteQty": "0.10322400",
        "time": 1629986480669,
        "isBuyerMaker": true,
        "isBestMatch": true
    },
    {
        "id": 3161813,
        "price": "0.14970000",
        "qty": "3.08000000",
        "quoteQty": "0.46107600",
        "time": 1629986491740,
        "isBuyerMaker": false,
        "isBestMatch": true
    },
    {
        "id": 3161814,
        "price": "0.14970000",
        "qty": "3.20000000",
        "quoteQty": "0.47904000",
        "time": 1629986493915,
        "isBuyerMaker": false,
        "isBestMatch": true
    },
    {
        "id": 3161815,
        "price": "0.14970000",
        "qty": "2.54000000",
        "quoteQty": "0.38023800",
        "time": 1629986493915,
        "isBuyerMaker": false,
        "isBestMatch": true
    },
    {
        "id": 3161816,
        "price": "0.14970000",
        "qty": "3.73000000",
        "quoteQty": "0.55838100",
        "time": 1629986494957,
        "isBuyerMaker": false,
        "isBestMatch": true
    },
    {
        "id": 3161817,
        "price": "0.14970000",
        "qty": "0.34000000",
        "quoteQty": "0.05089800",
        "time": 1629986495453,
        "isBuyerMaker": false,
        "isBestMatch": true
    },
    {
        "id": 3161818,
        "price": "0.14970000",
        "qty": "29.72000000",
        "quoteQty": "4.44908400",
        "time": 1629986495781,
        "isBuyerMaker": false,
        "isBestMatch": true
    },
    {
        "id": 3161819,
        "price": "0.14970000",
        "qty": "4.76000000",
        "quoteQty": "0.71257200",
        "time": 1629986495781,
        "isBuyerMaker": false,
        "isBestMatch": true
    },
    {
        "id": 3161820,
        "price": "0.14980000",
        "qty": "0.70000000",
        "quoteQty": "0.10486000",
        "time": 1629986495781,
        "isBuyerMaker": false,
        "isBestMatch": true
    },
    {
        "id": 3161821,
        "price": "0.14987000",
        "qty": "4.70000000",
        "quoteQty": "0.70438900",
        "time": 1629986495781,
        "isBuyerMaker": false,
        "isBestMatch": true
    },
    {
        "id": 3161822,
        "price": "0.14990000",
        "qty": "0.80000000",
        "quoteQty": "0.11992000",
        "time": 1629986495781,
        "isBuyerMaker": false,
        "isBestMatch": true
    },
    {
        "id": 3161823,
        "price": "0.14990000",
        "qty": "33.97000000",
        "quoteQty": "5.09210300",
        "time": 1629986495781,
        "isBuyerMaker": false,
        "isBestMatch": true
    },
    {
        "id": 3161824,
        "price": "0.14999000",
        "qty": "2.90000000",
        "quoteQty": "0.43497100",
        "time": 1629986495781,
        "isBuyerMaker": false,
        "isBestMatch": true
    },
    {
        "id": 3161825,
        "price": "0.15000000",
        "qty": "0.70000000",
        "quoteQty": "0.10500000",
        "time": 1629986495781,
        "isBuyerMaker": false,
        "isBestMatch": true
    },
    {
        "id": 3161826,
        "price": "0.15000000",
        "qty": "6.24000000",
        "quoteQty": "0.93600000",
        "time": 1629986495781,
        "isBuyerMaker": false,
        "isBestMatch": true
    },
    {
        "id": 3161827,
        "price": "0.15000000",
        "qty": "0.68000000",
        "quoteQty": "0.10200000",
        "time": 1629986495781,
        "isBuyerMaker": false,
        "isBestMatch": true
    },
    {
        "id": 3161828,
        "price": "0.15000000",
        "qty": "34.04000000",
        "quoteQty": "5.10600000",
        "time": 1629986495781,
        "isBuyerMaker": false,
        "isBestMatch": true
    },
    {
        "id": 3161829,
        "price": "0.15006000",
        "qty": "0.70000000",
        "quoteQty": "0.10504200",
        "time": 1629986495781,
        "isBuyerMaker": false,
        "isBestMatch": true
    },
    {
        "id": 3161830,
        "price": "0.15006000",
        "qty": "0.70000000",
        "quoteQty": "0.10504200",
        "time": 1629986495781,
        "isBuyerMaker": false,
        "isBestMatch": true
    },
    {
        "id": 3161831,
        "price": "0.15009000",
        "qty": "0.80000000",
        "quoteQty": "0.12007200",
        "time": 1629986495781,
        "isBuyerMaker": false,
        "isBestMatch": true
    },
    {
        "id": 3161832,
        "price": "0.15010000",
        "qty": "0.79000000",
        "quoteQty": "0.11857900",
        "time": 1629986495781,
        "isBuyerMaker": false,
        "isBestMatch": true
    },
    {
        "id": 3161833,
        "price": "0.15010000",
        "qty": "0.48000000",
        "quoteQty": "0.07204800",
        "time": 1629986495781,
        "isBuyerMaker": false,
        "isBestMatch": true
    },
    {
        "id": 3161834,
        "price": "0.15010000",
        "qty": "10.74000000",
        "quoteQty": "1.61207400",
        "time": 1629986495781,
        "isBuyerMaker": false,
        "isBestMatch": true
    },
    {
        "id": 3161835,
        "price": "0.14990000",
        "qty": "0.47000000",
        "quoteQty": "0.07045300",
        "time": 1629986496385,
        "isBuyerMaker": false,
        "isBestMatch": true
    },
    {
        "id": 3161836,
        "price": "0.14990000",
        "qty": "3.72000000",
        "quoteQty": "0.55762800",
        "time": 1629986496958,
        "isBuyerMaker": false,
        "isBestMatch": true
    },
    {
        "id": 3161837,
        "price": "0.14990000",
        "qty": "3.72000000",
        "quoteQty": "0.55762800",
        "time": 1629986497959,
        "isBuyerMaker": false,
        "isBestMatch": true
    },
    {
        "id": 3161838,
        "price": "0.14990000",
        "qty": "0.78000000",
        "quoteQty": "0.11692200",
        "time": 1629986500049,
        "isBuyerMaker": false,
        "isBestMatch": true
    },
    {
        "id": 3161839,
        "price": "0.14990000",
        "qty": "4.73000000",
        "quoteQty": "0.70902700",
        "time": 1629986500109,
        "isBuyerMaker": false,
        "isBestMatch": true
    },
    {
        "id": 3161840,
        "price": "0.14940000",
        "qty": "0.79000000",
        "quoteQty": "0.11802600",
        "time": 1629986505443,
        "isBuyerMaker": true,
        "isBestMatch": true
    },
    {
        "id": 3161841,
        "price": "0.14940000",
        "qty": "0.11000000",
        "quoteQty": "0.01643400",
        "time": 1629986505443,
        "isBuyerMaker": true,
        "isBestMatch": true
    },
    {
        "id": 3161842,
        "price": "0.14990000",
        "qty": "1.10000000",
        "quoteQty": "0.16489000",
        "time": 1629986506313,
        "isBuyerMaker": false,
        "isBestMatch": true
    },
    {
        "id": 3161843,
        "price": "0.15010000",
        "qty": "0.79000000",
        "quoteQty": "0.11857900",
        "time": 1629986514249,
        "isBuyerMaker": false,
        "isBestMatch": true
    },
    {
        "id": 3161844,
        "price": "0.15011000",
        "qty": "0.60000000",
        "quoteQty": "0.09006600",
        "time": 1629986514249,
        "isBuyerMaker": false,
        "isBestMatch": true
    },
    {
        "id": 3161845,
        "price": "0.15011000",
        "qty": "3.90000000",
        "quoteQty": "0.58542900",
        "time": 1629986514249,
        "isBuyerMaker": false,
        "isBestMatch": true
    },
    {
        "id": 3161846,
        "price": "0.15013000",
        "qty": "0.18000000",
        "quoteQty": "0.02702340",
        "time": 1629986514249,
        "isBuyerMaker": false,
        "isBestMatch": true
    },
    {
        "id": 3161847,
        "price": "0.15013000",
        "qty": "0.92000000",
        "quoteQty": "0.13811960",
        "time": 1629986517424,
        "isBuyerMaker": false,
        "isBestMatch": true
    },
    {
        "id": 3161848,
        "price": "0.15020000",
        "qty": "4.75000000",
        "quoteQty": "0.71345000",
        "time": 1629986517424,
        "isBuyerMaker": false,
        "isBestMatch": true
    },
    {
        "id": 3161849,
        "price": "0.15020000",
        "qty": "0.60000000",
        "quoteQty": "0.09012000",
        "time": 1629986518467,
        "isBuyerMaker": true,
        "isBestMatch": true
    },
    {
        "id": 3161850,
        "price": "0.15020000",
        "qty": "0.08000000",
        "quoteQty": "0.01201600",
        "time": 1629986519085,
