[
    {
        "id": 291505945,
        "price": "0.06636900",
        "qty": "18.89710000",
        "quoteQty": "1.25418162",
        "time": 1629986685513,
        "isBuyerMaker": true,
        "isBestMatch": true
    },
    {
        "id": 291505946,
        "price": "0.06636900",
        "qty": "4.54590000",
        "quoteQty": "0.30170683",
        "time": 1629986685514,
        "isBuyerMaker": true,
        "isBestMatch": true
    },
    {
        "id": 291505947,
        "price": "0.06636900",
        "qty": "2.92220000",
        "quoteQty": "0.19394349",
        "time": 1629986685559,
        "isBuyerMaker": true,
        "isBestMatch": true
    },
    {
        "id": 291505948,
        "price": "0.06636900",
        "qty": "2.50000000",
        "quoteQty": "0.16592250",
        "time": 1629986685649,
        "isBuyerMaker": true,
        "isBestMatch": true
    },
    {
        "id": 291505949,
        "price": "0.06636900",
        "qty": "0.96000000",
        "quoteQty": "0.06371424",
        "time": 1629986685653,
        "isBuyerMaker": true,
        "isBestMatch": true
    },
    {
        "id": 291505950,
        "price": "0.06636900",
        "qty": "5.00000000",
        "quoteQty": "0.33184500",
        "time": 1629986685659,
        "isBuyerMaker": true,
        "isBestMatch": true
    },
    {
        "id": 291505951,
        "price": "0.06637000",
        "qty": "0.31710000",
        "quoteQty": "0.02104592",
        "time": 1629986685739,
        "isBuyerMaker": false,
        "isBestMatch": true
    },
    {
        "id": 291505952,
        "price": "0.06636900",
        "qty": "7.25390000",
        "quoteQty": "0.48143408",
        "time": 1629986685832,
        "isBuyerMaker": true,
        "isBestMatch": true
    },
    {
        "id": 291505953,
        "price": "0.06636500",
        "qty": "5.50000000",
        "quoteQty": "0.36500750",
        "time": 1629986685883,
        "isBuyerMaker": false,
        "isBestMatch": true
    },
    {
        "id": 291505954,
        "price": "0.06636800",
        "qty": "1.59140000",
        "quoteQty": "0.10561803",
        "time": 1629986685883,
        "isBuyerMaker": false,
        "isBestMatch": true
    },
    {
        "id": 291505955,
        "price": "0.06636100",
        "qty": "0.50000000",
        "quoteQty": "0.03318050",
        "time": 1629986685906,
        "isBuyerMaker": true,
        "isBestMatch": true
    },
    {
        "id": 291505956,
        "price": "0.06636100",
        "qty": "0.51590000",
        "quoteQty": "0.03423563",
        "time": 1629986686293,
        "isBuyerMaker": true,
        "isBestMatch": true
    },
    {
        "id": 291505957,
        "price": "0.06635600",
        "qty": "0.06170000",
        "quoteQty": "0.00409416",
        "time": 1629986686451,
        "isBuyerMaker": true,
        "isBestMatch": true
    },
    {
        "id": 291505958,
        "price": "0.06636000",
        "qty": "0.12550000",
        "quoteQty": "0.00832818",
        "time": 1629986686698,
        "isBuyerMaker": true,
        "isBestMatch": true
    },
    {
        "id": 291505959,
        "price": "0.06636100",
        "qty": "0.00300000",
        "quoteQty": "0.00019908",
        "time": 1629986687969,
        "isBuyerMaker": true,
        "isBestMatch": true
    },
    {
        "id": 291505960,
        "price": "0.06635700",
        "qty": "2.76930000",
        "quoteQty": "0.18376244",
        "time": 1629986688395,
        "isBuyerMaker": true,
        "isBestMatch": true
    },
    {
        "id": 291505961,
        "price": "0.06635600",
        "qty": "0.57050000",
        "quoteQty": "0.03785609",
        "time": 1629986688448,
        "isBuyerMaker": true,
        "isBestMatch": true
    },
    {
        "id": 291505962,
        "price": "0.06635000",
        "qty": "2.73660000",
        "quoteQty": "0.18157341",
        "time": 1629986689540,
        "isBuyerMaker": true,
        "isBestMatch": true
    },
    {
        "id": 291505963,
        "price": "0.06636100",
        "qty": "2.00000000",
        "quoteQty": "0.13272200",
        "time": 1629986691195,
        "isBuyerMaker": true,
        "isBestMatch": true
    },
    {
        "id": 291505964,
        "price": "0.06636200",
        "qty": "0.09690000",
        "quoteQty": "0.00643047",
        "time": 1629986691733,
        "isBuyerMaker": false,
        "isBestMatch": true
    },
    {
        "id": 291505965,
        "price": "0.06637800",
        "qty": "0.00620000",
        "quoteQty": "0.00041154",
        "time": 1629986693345,
        "isBuyerMaker": true,
        "isBestMatch": true
    },
    {
        "id": 291505966,
        "price": "0.06638200",
        "qty": "0.35000000",
        "quoteQty": "0.02323370",
        "time": 1629986693481,
        "isBuyerMaker": false,
        "isBestMatch": true
    },
    {
        "id": 291505967,
        "price": "0.06638100",
        "qty": "0.00610000",
        "quoteQty": "0.00040492",
        "time": 1629986694088,
        "isBuyerMaker": true,
        "isBestMatch": true
    },
    {
        "id": 291505968,
        "price": "0.06637700",
        "qty": "0.00570000",
        "quoteQty": "0.00037834",
        "time": 1629986694461,
        "isBuyerMaker": true,
        "isBestMatch": true
    },
    {
        "id": 291505969,
        "price": "0.06637900",
        "qty": "0.04810000",
        "quoteQty": "0.00319282",
        "time": 1629986696270,
        "isBuyerMaker": true,
        "isBestMatch": true
    },
    {
        "id": 291505970,
        "price": "0.06638000",
        "qty": "5.50000000",
        "quoteQty": "0.36509000",
        "time": 1629986696677,
        "isBuyerMaker": false,
        "isBestMatch": true
    },
    {
        "id": 291505971,
        "price": "0.06638000",
        "qty": "2.30000000",
        "quoteQty": "0.15267400",
        "time": 1629986696677,
        "isBuyerMaker": false,
        "isBestMatch": true
    },
    {
        "id": 291505972,
        "price": "0.06638100",
        "qty": "0.00570000",
        "quoteQty": "0.00037837",
        "time": 1629986696786,
        "isBuyerMaker": true,
        "isBestMatch": true
    },
    {
        "id": 291505973,
        "price": "0.06638400",
        "qty": "0.00620000",
        "quoteQty": "0.00041158",
        "time": 1629986698949,
        "isBuyerMaker": true,
        "isBestMatch": true
    },
    {
        "id": 291505974,
        "price": "0.06638500",
        "qty": "0.25280000",
        "quoteQty": "0.01678212",
        "time": 1629986698951,
        "isBuyerMaker": true,
        "isBestMatch": true
    },
    {
        "id": 291505975,
        "price": "0.06638500",
        "qty": "0.15950000",
        "quoteQty": "0.01058840",
        "time": 1629986699009,
        "isBuyerMaker": true,
        "isBestMatch": true
    },
    {
        "id": 291505976,
        "price": "0.06638500",
        "qty": "0.08070000",
        "quoteQty": "0.00535726",
        "time": 1629986699092,
        "isBuyerMaker": true,
        "isBestMatch": true
    },
    {
        "id": 291505977,
        "price": "0.06638400",
        "qty": "1.58430000",
        "quoteQty": "0.10517217",
        "time": 1629986699793,
        "isBuyerMaker": true,
        "isBestMatch": true
    },
    {
        "id": 291505978,
        "price": "0.06638000",
        "qty": "3.08560000",
        "quoteQty": "0.20482212",
        "time": 1629986699998,
        "isBuyerMaker": true,
        "isBestMatch": true
    },
    {
        "id": 291505979,
        "price": "0.06638000",
        "qty": "0.00300000",
        "quoteQty": "0.00019914",
        "time": 1629986700151,
        "isBuyerMaker": true,
        "isBestMatch": true
    },
    {
        "id": 291505980,
        "price": "0.06638000",
        "qty": "0.00620000",
        "quoteQty": "0.00041155",
        "time": 1629986700549,
        "isBuyerMaker": true,
        "isBestMatch": true
    },
    {
        "id": 291505981,
        "price": "0.06638100",
        "qty": "0.03810000",
        "quoteQty": "0.00252911",
        "time": 1629986701196,
        "isBuyerMaker": false,
        "isBestMatch": true
    },
    {
        "id": 291505982,
        "price": "0.06638100",
        "qty": "0.20000000",
        "quoteQty": "0.01327620",
        "time": 1629986701398,
        "isBuyerMaker": false,
        "isBestMatch": true
    },
    {
        "id": 291505983,
        "price": "0.06638000",
        "qty": "0.55200000",
        "quoteQty": "0.03664176",
        "time": 1629986701430,
        "isBuyerMaker": true,
        "isBestMatch": true
    },
    {
        "id": 291505984,
        "price": "0.06637800",
        "qty": "0.02000000",
        "quoteQty": "0.00132756",
        "time": 1629986701851,
        "isBuyerMaker": true,
        "isBestMatch": true
    },
    {
        "id": 291505985,
        "price": "0.06637800",
        "qty": "0.13070000",
        "quoteQty": "0.00867560",
        "time": 1629986701893,
        "isBuyerMaker": true,
        "isBestMatch": true
    },
    {
        "id": 291505986,
        "price": "0.06637800",
        "qty": "0.51540000",
        "quoteQty": "0.03421122",
        "time": 1629986701893,
        "isBuyerMaker": true,
        "isBestMatch": true
    },
    {
        "id": 291505987,
        "price": "0.06637900",
        "qty": "2.50000000",
        "quoteQty": "0.16594750",
        "time": 1629986702205,
        "isBuyerMaker": false,
        "isBestMatch": true
    },
    {
        "id": 291505988,
        "price": "0.06637900",
        "qty": "3.20660000",
        "quoteQty": "0.21285090",
        "time": 1629986702205,
        "isBuyerMaker": false,
        "isBestMatch": true
    },
    {
        "id": 291505989,
        "price": "0.06637800",
        "qty": "1.01940000",
        "quoteQty": "0.06766573",
        "time": 1629986704097,
        "isBuyerMaker": true,
        "isBestMatch": true
    },
    {
        "id": 291505990,
        "price": "0.06637800",
        "qty": "0.72400000",
        "quoteQty": "0.04805767",
        "time": 1629986704140,
        "isBuyerMaker": true,
        "isBestMatch": true
    },
    {
        "id": 291505991,
        "price": "0.06637800",
        "qty": "0.34180000",
        "quoteQty": "0.02268800",
        "time": 1629986704196,
        "isBuyerMaker": true,
        "isBestMatch": true
    },
    {
        "id": 291505992,
        "price": "0.06637700",
        "qty": "0.37660000",
        "quoteQty": "0.02499757",
        "time": 1629986704750,
        "isBuyerMaker": true,
        "isBestMatch": true
    },
    {
        "id": 291505993,
        "price": "0.06637700",
        "qty": "0.00820000",
        "quoteQty": "0.00054429",
        "time": 1629986704780,
        "isBuyerMaker": true,
        "isBestMatch": true
    },
    {
        "id": 291505994,
        "price": "0.06637800",
        "qty": "0.08200000",
        "quoteQty": "0.00544299",
        "time": 1629986705284,
        "isBuyerMaker": false,
        "isBestMatch": true
    },
    {
        "id": 291505995,
        "price": "0.06637800",
        "qty": "0.08060000",
        "quoteQty": "0.00535006",
        "time": 1629986705284,
        "isBuyerMaker": false,
        "isBestMatch": true
    },
    {
        "id": 291505996,
        "price": "0.06637500",
        "qty": "2.85210000",
        "quoteQty": "0.18930813",
        "time": 1629986706688,
        "isBuyerMaker": true,
        "isBestMatch": true
    },
    {
        "id": 291505997,
        "price": "0.06637500",
        "qty": "3.13840000",
        "quoteQty": "0.20831130",
        "time": 1629986706792,
        "isBuyerMaker": true,
        "isBestMatch": true
    },
    {
        "id": 291505998,
        "price": "0.06637500",
        "qty": "0.70000000",
        "quoteQty": "0.04646250",
        "time": 1629986706852,
        "isBuyerMaker": true,
        "isBestMatch": true
    },
    {
        "id": 291505999,
        "price": "0.06637500",
        "qty": "0.00670000",
        "quoteQty": "0.00044471",
        "time": 1629986706864,
        "isBuyerMaker": true,
        "isBestMatch": true
    },
    {
        "id": 291506000,
        "price": "0.06637500",
        "qty": "2.96680000",
        "quoteQty": "0.19692135",
        "time": 1629986706899,
        "isBuyerMaker": true,
        "isBestMatch": true
    },
    {
        "id": 291506001,
        "price": "0.06637500",
        "qty": "1.54900000",
        "quoteQty": "0.10281487",
        "time": 1629986706992,
        "isBuyerMaker": true,
        "isBestMatch": true
    },
    {
        "id": 291506002,
        "price": "0.06637500",
        "qty": "2.80620000",
        "quoteQty": "0.18626152",
        "time": 1629986707090,
        "isBuyerMaker": true,
        "isBestMatch": true
    },
    {
        "id": 291506003,
        "price": "0.06637500",
        "qty": "0.86380000",
        "quoteQty": "0.05733472",
        "time": 1629986707148,
        "isBuyerMaker": true,
        "isBestMatch": true
    },
    {
        "id": 291506004,
        "price": "0.06637500",
        "qty": "3.28330000",
        "quoteQty": "0.21792903",
        "time": 1629986707349,
        "isBuyerMaker": true,
        "isBestMatch": true
    },
    {
        "id": 291506005,
        "price": "0.06637500",
        "qty": "0.40060000",
        "quoteQty": "0.02658982",
        "time": 1629986707353,
        "isBuyerMaker": true,
        "isBestMatch": true
    },
    {
        "id": 291506006,
        "price": "0.06637500",
        "qty": "0.14570000",
        "quoteQty": "0.00967083",
        "time": 1629986707394,
        "isBuyerMaker": true,
        "isBestMatch": true
    },
    {
        "id": 291506007,
        "price": "0.06636700",
        "qty": "0.00420000",
        "quoteQty": "0.00027874",
        "time": 1629986707443,
        "isBuyerMaker": false,
        "isBestMatch": true
    },
    {
        "id": 291506008,
        "price": "0.06636300",
        "qty": "0.50000000",
        "quoteQty": "0.03318150",
        "time": 1629986707505,
        "isBuyerMaker": true,
        "isBestMatch": true
    },
    {
        "id": 291506009,
        "price": "0.06636300",
        "qty": "1.31430000",
        "quoteQty": "0.08722089",
        "time": 1629986707551,
        "isBuyerMaker": true,
        "isBestMatch": true
    },
    {
        "id": 291506010,
        "price": "0.06636300",
        "qty": "0.75610000",
        "quoteQty": "0.05017706",
        "time": 1629986707653,
        "isBuyerMaker": true,
        "isBestMatch": true
    },
    {
        "id": 291506011,
        "price": "0.06636400",
        "qty": "0.15990000",
        "quoteQty": "0.01061160",
        "time": 1629986707694,
        "isBuyerMaker": false,
        "isBestMatch": true
    },
    {
        "id": 291506012,
        "price": "0.06636100",
        "qty": "0.11590000",
        "quoteQty": "0.00769123",
        "time": 1629986707941,
        "isBuyerMaker": false,
        "isBestMatch": true
    },
    {
        "id": 291506013,
        "price": "0.06636300",
        "qty": "0.15990000",
        "quoteQty": "0.01061144",
        "time": 1629986707990,
        "isBuyerMaker": false,
        "isBestMatch": true
    },
    {
        "id": 291506014,
        "price": "0.06636300",
        "qty": "0.26870000",
        "quoteQty": "0.01783173",
        "time": 1629986708292,
        "isBuyerMaker": false,
        "isBestMatch": true
    },
    {
        "id": 291506015,
        "price": "0.06635700",
        "qty": "0.10000000",
        "quoteQty": "0.00663570",
        "time": 1629986709442,
        "isBuyerMaker": true,
        "isBestMatch": true
    },
    {
        "id": 291506016,
        "price": "0.06635800",
        "qty": "1.80830000",
        "quoteQty": "0.11999517",
        "time": 1629986709449,
        "isBuyerMaker": false,
        "isBestMatch": true
    },
    {
        "id": 291506017,
        "price": "0.06635800",
        "qty": "0.01590000",
        "quoteQty": "0.00105509",
        "time": 1629986709475,
        "isBuyerMaker": false,
        "isBestMatch": true
    },
    {
        "id": 291506018,
        "price": "0.06635900",
        "qty": "0.10000000",
        "quoteQty": "0.00663590",
        "time": 1629986709570,
        "isBuyerMaker": true,
        "isBestMatch": true
    },
    {
        "id": 291506019,
        "price": "0.06635800",
        "qty": "2.73310000",
        "quoteQty": "0.18136304",
        "time": 1629986709942,
        "isBuyerMaker": false,
        "isBestMatch": true
    },
    {
        "id": 291506020,
        "price": "0.06635800",
        "qty": "1.58680000",
        "quoteQty": "0.10529687",
        "time": 1629986710942,
        "isBuyerMaker": false,
        "isBestMatch": true
    },
    {
        "id": 291506021,
        "price": "0.06635800",
        "qty": "0.04070000",
        "quoteQty": "0.00270077",
        "time": 1629986711034,
        "isBuyerMaker": false,
        "isBestMatch": true
    },
    {
        "id": 291506022,
        "price": "0.06635800",
        "qty": "1.73330000",
        "quoteQty": "0.11501832",
        "time": 1629986712888,
        "isBuyerMaker": false,
        "isBestMatch": true
    },
    {
        "id": 291506023,
        "price": "0.06635800",
        "qty": "0.99360000",
        "quoteQty": "0.06593330",
        "time": 1629986712888,
        "isBuyerMaker": false,
        "isBestMatch": true
    },
    {
        "id": 291506024,
        "price": "0.06635800",
        "qty": "3.27500000",
        "quoteQty": "0.21732245",
        "time": 1629986712939,
        "isBuyerMaker": false,
        "isBestMatch": true
    },
    {
        "id": 291506025,
        "price": "0.06635800",
        "qty": "0.00190000",
        "quoteQty": "0.00012608",
        "time": 1629986712960,
        "isBuyerMaker": false,
        "isBestMatch": true
    },
    {
        "id": 291506026,
        "price": "0.06636400",
        "qty": "0.14990000",
        "quoteQty": "0.00994796",
        "time": 1629986713495,
        "isBuyerMaker": true,
        "isBestMatch": true
    },
    {
        "id": 291506027,
        "price": "0.06636700",
        "qty": "1.67930000",
        "quoteQty": "0.11145010",
        "time": 1629986713689,
        "isBuyerMaker": false,
        "isBestMatch": true
    },
    {
        "id": 291506028,
        "price": "0.06637300",
        "qty": "0.03610000",
        "quoteQty": "0.00239606",
        "time": 1629986713799,
        "isBuyerMaker": true,
        "isBestMatch": true
    },
    {
        "id": 291506029,
        "price": "0.06637300",
        "qty": "0.00570000",
        "quoteQty": "0.00037832",
        "time": 1629986713938,
        "isBuyerMaker": true,
        "isBestMatch": true
    },
    {
        "id": 291506030,
        "price": "0.06637300",
        "qty": "0.00570000",
        "quoteQty": "0.00037832",
        "time": 1629986714915,
        "isBuyerMaker": true,
        "isBestMatch": true
    },
    {
        "id": 291506031,
        "price": "0.06637400",
        "qty": "0.00290000",
        "quoteQty": "0.00019248",
        "time": 1629986715550,
        "isBuyerMaker": false,
        "isBestMatch": true
    },
    {
        "id": 291506032,
        "price": "0.06637400",
        "qty": "0.00010000",
        "quoteQty": "0.00000663",
        "time": 1629986716567,
        "isBuyerMaker": false,
        "isBestMatch": true
    },
    {
        "id": 291506033,
        "price": "0.06638000",
        "qty": "0.00490000",
        "quoteQty": "0.00032526",
        "time": 1629986716567,
        "isBuyerMaker": false,
        "isBestMatch": true
    },
    {
        "id": 291506034,
        "price": "0.06638000",
        "qty": "5.55730000",
        "quoteQty": "0.36889357",
        "time": 1629986716576,
        "isBuyerMaker": false,
        "isBestMatch": true
    },
    {
        "id": 291506035,
        "price": "0.06638000",
        "qty": "0.32940000",
        "quoteQty": "0.02186557",
        "time": 1629986716591,
        "isBuyerMaker": false,
        "isBestMatch": true
    },
    {
        "id": 291506036,
        "price": "0.06638000",
        "qty": "0.27310000",
        "quoteQty": "0.01812837",
        "time": 1629986716591,
        "isBuyerMaker": false,
        "isBestMatch": true
    },
    {
        "id": 291506037,
        "price": "0.06638100",
        "qty": "3.07580000",
        "quoteQty": "0.20417467",
        "time": 1629986716685,
        "isBuyerMaker": false,
        "isBestMatch": true
    },
    {
        "id": 291506038,
        "price": "0.06638100",
        "qty": "0.21010000",
        "quoteQty": "0.01394664",
        "time": 1629986716736,
        "isBuyerMaker": false,
        "isBestMatch": true
    },
    {
        "id": 291506039,
        "price": "0.06638100",
        "qty": "0.24310000",
        "quoteQty": "0.01613722",
        "time": 1629986716783,
        "isBuyerMaker": false,
        "isBestMatch": true
    },
    {
        "id": 291506040,
        "price": "0.06638100",
        "qty": "1.01850000",
        "quoteQty": "0.06760904",
        "time": 1629986716833,
        "isBuyerMaker": false,
        "isBestMatch": true
    },
    {
        "id": 291506041,
        "price": "0.06638100",
        "qty": "1.01850000",
        "quoteQty": "0.06760904",
        "time": 1629986716892,
        "isBuyerMaker": false,
        "isBestMatch": true
    },
    {
        "id": 291506042,
        "price": "0.06638100",
        "qty": "0.35000000",
        "quoteQty": "0.02323335",
        "time": 1629986716935,
        "isBuyerMaker": false,
        "isBestMatch": true
    },
    {
        "id": 291506043,
        "price": "0.06638100",
        "qty": "1.58830000",
        "quoteQty": "0.10543294",
        "time": 1629986717036,
        "isBuyerMaker": false,
        "isBestMatch": true
    },
    {
        "id": 291506044,
        "price": "0.06638100",
        "qty": "2.98570000",
        "quoteQty": "0.19819375",
        "time": 1629986717089,
        "isBuyerMaker": false,
        "isBestMatch": true
    },
    {
        "id": 291506045,
        "price": "0.06638100",
        "qty": "2.73650000",
        "quoteQty": "0.18165160",
        "time": 1629986717135,
        "isBuyerMaker": false,
        "isBestMatch": true
    },
    {
        "id": 291506046,
        "price": "0.06638000",
        "qty": "0.02300000",
        "quoteQty": "0.00152674",
        "time": 1629986717138,
        "isBuyerMaker": true,
        "isBestMatch": true
    },
    {
        "id": 291506047,
        "price": "0.06638100",
        "qty": "3.19210000",
        "quoteQty": "0.21189479",
        "time": 1629986717184,
        "isBuyerMaker": false,
        "isBestMatch": true
    },
    {
        "id": 291506048,
        "price": "0.06638100",
        "qty": "2.01540000",
        "quoteQty": "0.13378426",
        "time": 1629986717288,
        "isBuyerMaker": false,
        "isBestMatch": true
    },
    {
        "id": 291506049,
        "price": "0.06638100",
        "qty": "0.15060000",
        "quoteQty": "0.00999697",
        "time": 1629986717330,
        "isBuyerMaker": false,
        "isBestMatch": true
    },
    {
        "id": 291506050,
        "price": "0.06638100",
        "qty": "2.59300000",
        "quoteQty": "0.17212593",
        "time": 1629986717540,
        "isBuyerMaker": false,
        "isBestMatch": true
    },
    {
        "id": 291506051,
        "price": "0.06638600",
        "qty": "0.46500000",
        "quoteQty": "0.03086949",
        "time": 1629986717596,
        "isBuyerMaker": true,
        "isBestMatch": true
    },
    {
        "id": 291506052,
        "price": "0.06639000",
        "qty": "0.43580000",
        "quoteQty": "0.02893276",
        "time": 1629986717841,
        "isBuyerMaker": true,
        "isBestMatch": true
    },
    {
        "id": 291506053,
        "price": "0.06639000",
        "qty": "1.32440000",
        "quoteQty": "0.08792691",
        "time": 1629986717899,
        "isBuyerMaker": true,
        "isBestMatch": true
    },
    {
        "id": 291506054,
        "price": "0.06639400",
        "qty": "0.00400000",
        "quoteQty": "0.00026557",
        "time": 1629986718041,
        "isBuyerMaker": false,
        "isBestMatch": true
    },
    {
        "id": 291506055,
        "price": "0.06639400",
        "qty": "0.00400000",
        "quoteQty": "0.00026557",
        "time": 1629986718041,
        "isBuyerMaker": false,
        "isBestMatch": true
    },
    {
        "id": 291506056,
        "price": "0.06639400",
        "qty": "0.00400000",
        "quoteQty": "0.00026557",
        "time": 1629986718041,
        "isBuyerMaker": false,
        "isBestMatch": true
    },
    {
        "id": 291506057,
        "price": "0.06639400",
        "qty": "0.00400000",
        "quoteQty": "0.00026557",
        "time": 1629986718041,
        "isBuyerMaker": false,
        "isBestMatch": true
    },
    {
        "id": 291506058,
        "price": "0.06639400",
        "qty": "0.72210000",
        "quoteQty": "0.04794310",
        "time": 1629986718041,
        "isBuyerMaker": false,
        "isBestMatch": true
    },
    {
        "id": 291506059,
        "price": "0.06639600",
        "qty": "0.00720000",
        "quoteQty": "0.00047805",
        "time": 1629986718091,
        "isBuyerMaker": false,
        "isBestMatch": true
    },
    {
        "id": 291506060,
        "price": "0.06639600",
        "qty": "0.19280000",
        "quoteQty": "0.01280114",
        "time": 1629986718091,
        "isBuyerMaker": false,
        "isBestMatch": true
    },
    {
        "id": 291506061,
        "price": "0.06639500",
        "qty": "0.00570000",
        "quoteQty": "0.00037845",
        "time": 1629986718150,
        "isBuyerMaker": true,
        "isBestMatch": true
    },
    {
        "id": 291506062,
        "price": "0.06639500",
        "qty": "0.21880000",
        "quoteQty": "0.01452722",
        "time": 1629986718152,
        "isBuyerMaker": true,
        "isBestMatch": true
    },
    {
        "id": 291506063,
        "price": "0.06639600",
        "qty": "1.30690000",
        "quoteQty": "0.08677293",
        "time": 1629986718231,
        "isBuyerMaker": false,
        "isBestMatch": true
    },
    {
        "id": 291506064,
        "price": "0.06639600",
        "qty": "1.84970000",
        "quoteQty": "0.12281268",
        "time": 1629986718231,
        "isBuyerMaker": false,
        "isBestMatch": true
    },
    {
        "id": 291506065,
        "price": "0.06639600",
        "qty": "1.84340000",
        "quoteQty": "0.12239438",
        "time": 1629986718284,
        "isBuyerMaker": false,
        "isBestMatch": true
    },
    {
        "id": 291506066,
        "price": "0.06639600",
        "qty": "2.82350000",
        "quoteQty": "0.18746910",
        "time": 1629986718583,
        "isBuyerMaker": false,
        "isBestMatch": true
    },
    {
        "id": 291506067,
        "price": "0.06639500",
        "qty": "0.45190000",
        "quoteQty": "0.03000390",
        "time": 1629986718946,
        "isBuyerMaker": true,
        "isBestMatch": true
    },
    {
        "id": 291506068,
        "price": "0.06639600",
        "qty": "0.17440000",
        "quoteQty": "0.01157946",
        "time": 1629986718986,
        "isBuyerMaker": false,
        "isBestMatch": true
    },
    {
        "id": 291506069,
        "price": "0.06639500",
        "qty": "0.01290000",
        "quoteQty": "0.00085649",
        "time": 1629986719549,
        "isBuyerMaker": true,
        "isBestMatch": true
    },
    {
        "id": 291506070,
        "price": "0.06639500",
        "qty": "1.50880000",
        "quoteQty": "0.10017677",
        "time": 1629986719799,
        "isBuyerMaker": true,
        "isBestMatch": true
    },
    {
        "id": 291506071,
        "price": "0.06639600",
        "qty": "0.15910000",
        "quoteQty": "0.01056360",
        "time": 1629986719991,
        "isBuyerMaker": false,
        "isBestMatch": true
    },
    {
        "id": 291506072,
        "price": "0.06639600",
        "qty": "2.96320000",
        "quoteQty": "0.19674462",
        "time": 1629986720081,
        "isBuyerMaker": false,
        "isBestMatch": true
    },
    {
        "id": 291506073,
        "price": "0.06639600",
        "qty": "2.76010000",
        "quoteQty": "0.18325959",
        "time": 1629986720130,
        "isBuyerMaker": false,
        "isBestMatch": true
    },
    {
        "id": 291506074,
        "price": "0.06639500",
        "qty": "0.45190000",
        "quoteQty": "0.03000390",
        "time": 1629986720847,
        "isBuyerMaker": true,
        "isBestMatch": true
    },
    {
        "id": 291506075,
        "price": "0.06639500",
        "qty": "0.00570000",
        "quoteQty": "0.00037845",
        "time": 1629986721061,
        "isBuyerMaker": true,
        "isBestMatch": true
    },
    {
        "id": 291506076,
        "price": "0.06639500",
        "qty": "0.45190000",
        "quoteQty": "0.03000390",
        "time": 1629986722595,
        "isBuyerMaker": true,
        "isBestMatch": true
    },
    {
        "id": 291506077,
        "price": "0.06639600",
        "qty": "0.01170000",
        "quoteQty": "0.00077683",
        "time": 1629986722816,
        "isBuyerMaker": false,
        "isBestMatch": true
    },
    {
        "id": 291506078,
        "price": "0.06639400",
        "qty": "1.38760000",
        "quoteQty": "0.09212831",
        "time": 1629986723200,
        "isBuyerMaker": true,
        "isBestMatch": true
    },
    {
        "id": 291506079,
        "price": "0.06639400",
        "qty": "0.02300000",
        "quoteQty": "0.00152706",
        "time": 1629986723519,
        "isBuyerMaker": true,
        "isBestMatch": true
    },
    {
        "id": 291506080,
        "price": "0.06639400",
        "qty": "0.40070000",
        "quoteQty": "0.02660407",
        "time": 1629986724053,
        "isBuyerMaker": true,
        "isBestMatch": true
    },
    {
        "id": 291506081,
        "price": "0.06639400",
        "qty": "0.00620000",
        "quoteQty": "0.00041164",
        "time": 1629986724215,
        "isBuyerMaker": true,
        "isBestMatch": true
    },
    {
        "id": 291506082,
        "price": "0.06638800",
        "qty": "0.00620000",
        "quoteQty": "0.00041160",
        "time": 1629986725300,
        "isBuyerMaker": true,
        "isBestMatch": true
    },
    {
        "id": 291506083,
        "price": "0.06638800",
        "qty": "0.00300000",
        "quoteQty": "0.00019916",
        "time": 1629986725597,
        "isBuyerMaker": true,
        "isBestMatch": true
    },
    {
        "id": 291506084,
        "price": "0.06638700",
        "qty": "0.50320000",
        "quoteQty": "0.03340593",
        "time": 1629986726669,
        "isBuyerMaker": true,
        "isBestMatch": true
    },
    {
        "id": 291506085,
        "price": "0.06638700",
        "qty": "0.01290000",
        "quoteQty": "0.00085639",
        "time": 1629986726761,
        "isBuyerMaker": true,
        "isBestMatch": true
    },
    {
        "id": 291506086,
        "price": "0.06638800",
        "qty": "0.15060000",
        "quoteQty": "0.00999803",
        "time": 1629986726825,
        "isBuyerMaker": false,
        "isBestMatch": true
    },
    {
        "id": 291506087,
        "price": "0.06638600",
        "qty": "0.00660000",
        "quoteQty": "0.00043814",
        "time": 1629986729340,
        "isBuyerMaker": false,
        "isBestMatch": true
    },
    {
        "id": 291506088,
        "price": "0.06638500",
        "qty": "0.02180000",
        "quoteQty": "0.00144719",
        "time": 1629986729387,
        "isBuyerMaker": true,
        "isBestMatch": true
    },
    {
        "id": 291506089,
        "price": "0.06638500",
        "qty": "0.22620000",
        "quoteQty": "0.01501628",
        "time": 1629986729537,
        "isBuyerMaker": true,
        "isBestMatch": true
    },
    {
        "id": 291506090,
        "price": "0.06638500",
        "qty": "0.00660000",
        "quoteQty": "0.00043814",
        "time": 1629986730019,
        "isBuyerMaker": true,
        "isBestMatch": true
    },
    {
        "id": 291506091,
        "price": "0.06638500",
        "qty": "1.33000000",
        "quoteQty": "0.08829205",
        "time": 1629986730195,
        "isBuyerMaker": true,
        "isBestMatch": true
    },
    {
        "id": 291506092,
        "price": "0.06638700",
        "qty": "0.25750000",
        "quoteQty": "0.01709465",
        "time": 1629986731063,
        "isBuyerMaker": false,
        "isBestMatch": true
    },
    {
        "id": 291506093,
        "price": "0.06639400",
        "qty": "0.00620000",
        "quoteQty": "0.00041164",
        "time": 1629986731200,
        "isBuyerMaker": true,
        "isBestMatch": true
    },
    {
        "id": 291506094,
        "price": "0.06639100",
        "qty": "0.01650000",
        "quoteQty": "0.00109545",
        "time": 1629986731206,
        "isBuyerMaker": true,
        "isBestMatch": true
    },
    {
        "id": 291506095,
        "price": "0.06639300",
        "qty": "0.00620000",
        "quoteQty": "0.00041163",
        "time": 1629986731678,
        "isBuyerMaker": true,
        "isBestMatch": true
    },
    {
        "id": 291506096,
        "price": "0.06639300",
        "qty": "2.49380000",
        "quoteQty": "0.16557086",
        "time": 1629986731727,
        "isBuyerMaker": true,
        "isBestMatch": true
    },
    {
        "id": 291506097,
        "price": "0.06639100",
        "qty": "0.23630000",
        "quoteQty": "0.01568819",
        "time": 1629986731727,
        "isBuyerMaker": true,
        "isBestMatch": true
    },
    {
        "id": 291506098,
        "price": "0.06638600",
        "qty": "0.07560000",
        "quoteQty": "0.00501878",
        "time": 1629986731727,
        "isBuyerMaker": true,
        "isBestMatch": true
    },
    {
        "id": 291506099,
        "price": "0.06637600",
        "qty": "1.92010000",
        "quoteQty": "0.12744855",
        "time": 1629986731727,
        "isBuyerMaker": true,
        "isBestMatch": true
    },
    {
        "id": 291506100,
        "price": "0.06637500",
        "qty": "4.70000000",
        "quoteQty": "0.31196250",
        "time": 1629986731727,
        "isBuyerMaker": true,
        "isBestMatch": true
    },
    {
        "id": 291506101,
        "price": "0.06637300",
        "qty": "10.90510000",
        "quoteQty": "0.72380420",
        "time": 1629986731727,
        "isBuyerMaker": true,
        "isBestMatch": true
    },
    {
        "id": 291506102,
        "price": "0.06636900",
        "qty": "2.54860000",
        "quoteQty": "0.16914803",
        "time": 1629986731727,
        "isBuyerMaker": true,
        "isBestMatch": true
    },
    {
        "id": 291506103,
        "price": "0.06636800",
        "qty": "22.93000000",
        "quoteQty": "1.52181824",
        "time": 1629986731727,
        "isBuyerMaker": true,
        "isBestMatch": true
    },
    {
        "id": 291506104,
        "price": "0.06636700",
        "qty": "0.27420000",
        "quoteQty": "0.01819783",
        "time": 1629986731727,
        "isBuyerMaker": true,
        "isBestMatch": true
    },
    {
        "id": 291506105,
        "price": "0.06636700",
        "qty": "2.09000000",
        "quoteQty": "0.13870703",
        "time": 1629986731727,
        "isBuyerMaker": true,
        "isBestMatch": true
    },
    {
        "id": 291506106,
        "price": "0.06636300",
        "qty": "6.02520000",
        "quoteQty": "0.39985034",
        "time": 1629986731727,
        "isBuyerMaker": true,
        "isBestMatch": true
    },
    {
        "id": 291506107,
        "price": "0.06636200",
        "qty": "2.24100000",
        "quoteQty": "0.14871724",
        "time": 1629986731727,
        "isBuyerMaker": true,
        "isBestMatch": true
    },
    {
        "id": 291506108,
        "price": "0.06635800",
        "qty": "1.51020000",
        "quoteQty": "0.10021385",
        "time": 1629986731727,
        "isBuyerMaker": true,
        "isBestMatch": true
    },
    {
        "id": 291506109,
        "price": "0.06635700",
        "qty": "5.77990000",
        "quoteQty": "0.38353682",
        "time": 1629986731727,
        "isBuyerMaker": true,
        "isBestMatch": true
    },
    {
        "id": 291506110,
        "price": "0.06637900",
        "qty": "0.07770000",
        "quoteQty": "0.00515764",
        "time": 1629986732103,
        "isBuyerMaker": true,
        "isBestMatch": true
    },
    {
        "id": 291506111,
        "price": "0.06637800",
        "qty": "0.82570000",
        "quoteQty": "0.05480831",
        "time": 1629986732103,
        "isBuyerMaker": true,
        "isBestMatch": true
    },
    {
        "id": 291506112,
        "price": "0.06638600",
        "qty": "1.36650000",
        "quoteQty": "0.09071646",
        "time": 1629986732233,
        "isBuyerMaker": false,
        "isBestMatch": true
    },
    {
        "id": 291506113,
        "price": "0.06638700",
        "qty": "0.00390000",
        "quoteQty": "0.00025890",
        "time": 1629986732555,
        "isBuyerMaker": true,
        "isBestMatch": true
    },
    {
        "id": 291506114,
        "price": "0.06638700",
        "qty": "0.01290000",
        "quoteQty": "0.00085639",
        "time": 1629986732997,
        "isBuyerMaker": true,
        "isBestMatch": true
    },
    {
        "id": 291506115,
        "price": "0.06638900",
        "qty": "0.16530000",
        "quoteQty": "0.01097410",
        "time": 1629986735107,
        "isBuyerMaker": false,
        "isBestMatch": true
    },
    {
        "id": 291506116,
        "price": "0.06638900",
        "qty": "0.00610000",
        "quoteQty": "0.00040497",
        "time": 1629986736239,
        "isBuyerMaker": true,
        "isBestMatch": true
    },
    {
        "id": 291506117,
        "price": "0.06638900",
        "qty": "0.28050000",
        "quoteQty": "0.01862211",
        "time": 1629986736898,
        "isBuyerMaker": true,
        "isBestMatch": true
    },
    {
        "id": 291506118,
        "price": "0.06639200",
        "qty": "0.08250000",
        "quoteQty": "0.00547734",
        "time": 1629986738089,
        "isBuyerMaker": true,
        "isBestMatch": true
    },
    {
        "id": 291506119,
        "price": "0.06639100",
        "qty": "0.24350000",
        "quoteQty": "0.01616620",
        "time": 1629986738542,
        "isBuyerMaker": true,
        "isBestMatch": true
    },
    {
        "id": 291506120,
        "price": "0.06639100",
        "qty": "1.34900000",
        "quoteQty": "0.08956145",
        "time": 1629986738543,
        "isBuyerMaker": true,
        "isBestMatch": true
    },
    {
        "id": 291506121,
        "price": "0.06639100",
        "qty": "0.53990000",
        "quoteQty": "0.03584450",
        "time": 1629986738553,
        "isBuyerMaker": true,
        "isBestMatch": true
    },
    {
        "id": 291506122,
        "price": "0.06638900",
        "qty": "2.30000000",
        "quoteQty": "0.15269470",
        "time": 1629986739134,
        "isBuyerMaker": false,
        "isBestMatch": true
    },
    {
        "id": 291506123,
        "price": "0.06638900",
        "qty": "2.37620000",
        "quoteQty": "0.15775354",
        "time": 1629986740217,
        "isBuyerMaker": false,
        "isBestMatch": true
    },
    {
        "id": 291506124,
        "price": "0.06638600",
        "qty": "1.59180000",
        "quoteQty": "0.10567323",
        "time": 1629986740750,
        "isBuyerMaker": true,
        "isBestMatch": true
    },
    {
        "id": 291506125,
        "price": "0.06637800",
        "qty": "2.01600000",
        "quoteQty": "0.13381804",
        "time": 1629986742149,
        "isBuyerMaker": true,
        "isBestMatch": true
    },
    {
        "id": 291506126,
        "price": "0.06637900",
        "qty": "0.45240000",
        "quoteQty": "0.03002985",
        "time": 1629986742969,
        "isBuyerMaker": false,
        "isBestMatch": true
    },
    {
        "id": 291506127,
        "price": "0.06637900",
        "qty": "0.28300000",
        "quoteQty": "0.01878525",
        "time": 1629986744334,
        "isBuyerMaker": false,
        "isBestMatch": true
    },
    {
        "id": 291506128,
        "price": "0.06637900",
        "qty": "0.03710000",
        "quoteQty": "0.00246266",
        "time": 1629986744500,
        "isBuyerMaker": false,
        "isBestMatch": true
    },
    {
        "id": 291506129,
        "price": "0.06637900",
        "qty": "0.26470000",
        "quoteQty": "0.01757052",
        "time": 1629986744546,
        "isBuyerMaker": false,
        "isBestMatch": true
    },
    {
        "id": 291506130,
        "price": "0.06638000",
        "qty": "1.16900000",
        "quoteQty": "0.07759822",
        "time": 1629986745335,
        "isBuyerMaker": false,
        "isBestMatch": true
    },
    {
        "id": 291506131,
        "price": "0.06637900",
        "qty": "0.28860000",
        "quoteQty": "0.01915697",
        "time": 1629986745585,
        "isBuyerMaker": false,
        "isBestMatch": true
    },
    {
        "id": 291506132,
        "price": "0.06637700",
        "qty": "2.08990000",
        "quoteQty": "0.13872129",
        "time": 1629986746085,
        "isBuyerMaker": false,
        "isBestMatch": true
    },
    {
        "id": 291506133,
        "price": "0.06638000",
        "qty": "2.16540000",
        "quoteQty": "0.14373925",
        "time": 1629986746562,
        "isBuyerMaker": true,
        "isBestMatch": true
    },
    {
        "id": 291506134,
        "price": "0.06638000",
        "qty": "1.01170000",
        "quoteQty": "0.06715664",
        "time": 1629986746562,
        "isBuyerMaker": true,
        "isBestMatch": true
    },
    {
        "id": 291506135,
        "price": "0.06638000",
        "qty": "0.35240000",
        "quoteQty": "0.02339231",
        "time": 1629986746615,
        "isBuyerMaker": true,
        "isBestMatch": true
    },
    {
        "id": 291506136,
        "price": "0.06638000",
        "qty": "0.81070000",
        "quoteQty": "0.05381426",
        "time": 1629986746624,
        "isBuyerMaker": true,
        "isBestMatch": true
    },
    {
        "id": 291506137,
        "price": "0.06638100",
        "qty": "0.01200000",
        "quoteQty": "0.00079657",
        "time": 1629986746645,
        "isBuyerMaker": false,
        "isBestMatch": true
    },
    {
        "id": 291506138,
        "price": "0.06638000",
        "qty": "0.20000000",
        "quoteQty": "0.01327600",
        "time": 1629986746705,
        "isBuyerMaker": true,
        "isBestMatch": true
    },
    {
        "id": 291506139,
        "price": "0.06638000",
        "qty": "0.64890000",
        "quoteQty": "0.04307398",
        "time": 1629986746904,
        "isBuyerMaker": true,
        "isBestMatch": true
    },
    {
        "id": 291506140,
        "price": "0.06637700",
        "qty": "0.13290000",
        "quoteQty": "0.00882150",
        "time": 1629986747791,
        "isBuyerMaker": true,
        "isBestMatch": true
    },
    {
        "id": 291506141,
        "price": "0.06637300",
        "qty": "1.98650000",
        "quoteQty": "0.13184996",
        "time": 1629986748096,
        "isBuyerMaker": false,
        "isBestMatch": true
    },
    {
        "id": 291506142,
        "price": "0.06636900",
        "qty": "3.29030000",
        "quoteQty": "0.21837392",
        "time": 1629986749081,
        "isBuyerMaker": false,
        "isBestMatch": true
    },
    {
        "id": 291506143,
        "price": "0.06636900",
        "qty": "0.01000000",
        "quoteQty": "0.00066369",
        "time": 1629986749145,
        "isBuyerMaker": false,
        "isBestMatch": true
    },
    {
        "id": 291506144,
        "price": "0.06637000",
        "qty": "0.00630000",
        "quoteQty": "0.00041813",
        "time": 1629986749184,
        "isBuyerMaker": false,
        "isBestMatch": true
    },
    {
        "id": 291506145,
        "price": "0.06636900",
        "qty": "0.00500000",
        "quoteQty": "0.00033184",
        "time": 1629986749409,
        "isBuyerMaker": true,
        "isBestMatch": true
    },
    {
        "id": 291506146,
        "price": "0.06637000",
        "qty": "0.01700000",
        "quoteQty": "0.00112829",
        "time": 1629986749985,
        "isBuyerMaker": false,
        "isBestMatch": true
    },
    {
        "id": 291506147,
        "price": "0.06637300",
        "qty": "1.22170000",
        "quoteQty": "0.08108789",
        "time": 1629986750554,
        "isBuyerMaker": false,
        "isBestMatch": true
    },
    {
        "id": 291506148,
        "price": "0.06637500",
        "qty": "0.00570000",
        "quoteQty": "0.00037833",
        "time": 1629986751912,
        "isBuyerMaker": true,
        "isBestMatch": true
    },
    {
        "id": 291506149,
        "price": "0.06637100",
        "qty": "0.06320000",
        "quoteQty": "0.00419464",
        "time": 1629986752235,
        "isBuyerMaker": false,
        "isBestMatch": true
    },
    {
        "id": 291506150,
        "price": "0.06637200",
        "qty": "0.04700000",
        "quoteQty": "0.00311948",
        "time": 1629986752286,
        "isBuyerMaker": false,
        "isBestMatch": true
    },
    {
        "id": 291506151,
        "price": "0.06637100",
        "qty": "0.00570000",
        "quoteQty": "0.00037831",
        "time": 1629986752963,
        "isBuyerMaker": true,
        "isBestMatch": true
    },
    {
        "id": 291506152,
        "price": "0.06637700",
        "qty": "0.01610000",
        "quoteQty": "0.00106866",
        "time": 1629986753255,
        "isBuyerMaker": false,
        "isBestMatch": true
    },
    {
        "id": 291506153,
        "price": "0.06637900",
        "qty": "0.42150000",
        "quoteQty": "0.02797874",
        "time": 1629986753280,
        "isBuyerMaker": false,
        "isBestMatch": true
    },
    {
        "id": 291506154,
        "price": "0.06637900",
        "qty": "1.22940000",
        "quoteQty": "0.08160634",
        "time": 1629986753339,
        "isBuyerMaker": false,
        "isBestMatch": true
    },
    {
        "id": 291506155,
        "price": "0.06639000",
        "qty": "0.00640000",
        "quoteQty": "0.00042489",
        "time": 1629986753432,
        "isBuyerMaker": false,
        "isBestMatch": true
    },
    {
        "id": 291506156,
        "price": "0.06638800",
        "qty": "0.01290000",
        "quoteQty": "0.00085640",
        "time": 1629986753506,
        "isBuyerMaker": true,
        "isBestMatch": true
    },
    {
        "id": 291506157,
        "price": "0.06639000",
        "qty": "0.07200000",
        "quoteQty": "0.00478008",
        "time": 1629986753552,
        "isBuyerMaker": false,
        "isBestMatch": true
    },
    {
        "id": 291506158,
        "price": "0.06638400",
        "qty": "0.01290000",
        "quoteQty": "0.00085635",
        "time": 1629986753994,
        "isBuyerMaker": true,
        "isBestMatch": true
    },
    {
        "id": 291506159,
        "price": "0.06639100",
        "qty": "0.23990000",
        "quoteQty": "0.01592720",
        "time": 1629986754095,
        "isBuyerMaker": true,
        "isBestMatch": true
    },
    {
        "id": 291506160,
        "price": "0.06638700",
        "qty": "0.03220000",
        "quoteQty": "0.00213766",
        "time": 1629986754337,
        "isBuyerMaker": false,
        "isBestMatch": true
    },
    {
        "id": 291506161,
        "price": "0.06638600",
        "qty": "0.00580000",
        "quoteQty": "0.00038503",
        "time": 1629986754359,
        "isBuyerMaker": true,
        "isBestMatch": true
    },
    {
        "id": 291506162,
        "price": "0.06638700",
        "qty": "0.35000000",
        "quoteQty": "0.02323545",
        "time": 1629986754392,
        "isBuyerMaker": false,
        "isBestMatch": true
    },
    {
        "id": 291506163,
        "price": "0.06638500",
        "qty": "0.00800000",
        "quoteQty": "0.00053108",
        "time": 1629986754439,
        "isBuyerMaker": false,
        "isBestMatch": true
    },
    {
        "id": 291506164,
        "price": "0.06638400",
        "qty": "4.60000000",
        "quoteQty": "0.30536640",
        "time": 1629986755177,
        "isBuyerMaker": true,
        "isBestMatch": true
    },
    {
        "id": 291506165,
        "price": "0.06638400",
        "qty": "0.01290000",
        "quoteQty": "0.00085635",
        "time": 1629986756247,
        "isBuyerMaker": true,
        "isBestMatch": true
    },
    {
        "id": 291506166,
        "price": "0.06638200",
        "qty": "0.13130000",
        "quoteQty": "0.00871595",
        "time": 1629986756796,
        "isBuyerMaker": true,
        "isBestMatch": true
    },
    {
        "id": 291506167,
        "price": "0.06638200",
        "qty": "0.00570000",
        "quoteQty": "0.00037837",
        "time": 1629986756832,
        "isBuyerMaker": true,
        "isBestMatch": true
    },
    {
        "id": 291506168,
        "price": "0.06637800",
        "qty": "2.30000000",
        "quoteQty": "0.15266940",
        "time": 1629986757384,
        "isBuyerMaker": true,
        "isBestMatch": true
    },
    {
        "id": 291506169,
        "price": "0.06637800",
        "qty": "2.40000000",
        "quoteQty": "0.15930720",
        "time": 1629986757384,
        "isBuyerMaker": true,
        "isBestMatch": true
    },
    {
        "id": 291506170,
        "price": "0.06637800",
        "qty": "5.50000000",
        "quoteQty": "0.36507900",
        "time": 1629986757384,
        "isBuyerMaker": true,
        "isBestMatch": true
    },
    {
        "id": 291506171,
        "price": "0.06637800",
        "qty": "0.21880000",
        "quoteQty": "0.01452350",
        "time": 1629986757384,
        "isBuyerMaker": true,
        "isBestMatch": true
    },
    {
        "id": 291506172,
        "price": "0.06638200",
        "qty": "1.90840000",
        "quoteQty": "0.12668340",
        "time": 1629986758432,
        "isBuyerMaker": false,
        "isBestMatch": true
    },
    {
        "id": 291506173,
        "price": "0.06638600",
        "qty": "0.01290000",
        "quoteQty": "0.00085637",
        "time": 1629986758499,
        "isBuyerMaker": true,
        "isBestMatch": true
    },
    {
        "id": 291506174,
        "price": "0.06638600",
        "qty": "0.00590000",
        "quoteQty": "0.00039167",
        "time": 1629986758568,
        "isBuyerMaker": true,
        "isBestMatch": true
    },
    {
        "id": 291506175,
        "price": "0.06638700",
        "qty": "3.02940000",
        "quoteQty": "0.20111277",
        "time": 1629986759035,
        "isBuyerMaker": false,
        "isBestMatch": true
    },
    {
        "id": 291506176,
        "price": "0.06638700",
        "qty": "0.10000000",
        "quoteQty": "0.00663870",
        "time": 1629986759089,
        "isBuyerMaker": false,
        "isBestMatch": true
    },
    {
        "id": 291506177,
        "price": "0.06638600",
        "qty": "0.01090000",
        "quoteQty": "0.00072360",
        "time": 1629986759144,
        "isBuyerMaker": true,
        "isBestMatch": true
    },
    {
        "id": 291506178,
        "price": "0.06638600",
        "qty": "1.58120000",
        "quoteQty": "0.10496954",
        "time": 1629986759493,
        "isBuyerMaker": true,
        "isBestMatch": true
    },
    {
        "id": 291506179,
        "price": "0.06638600",
        "qty": "0.21330000",
        "quoteQty": "0.01416013",
        "time": 1629986759938,
        "isBuyerMaker": false,
        "isBestMatch": true
    },
    {
        "id": 291506180,
        "price": "0.06638600",
        "qty": "0.01290000",
        "quoteQty": "0.00085637",
        "time": 1629986760052,
        "isBuyerMaker": true,
        "isBestMatch": true
    },
    {
        "id": 291506181,
        "price": "0.06638800",
        "qty": "0.00620000",
        "quoteQty": "0.00041160",
        "time": 1629986760438,
        "isBuyerMaker": true,
        "isBestMatch": true
    },
    {
        "id": 291506182,
        "price": "0.06638600",
        "qty": "0.46490000",
        "quoteQty": "0.03086285",
        "time": 1629986761348,
        "isBuyerMaker": true,
        "isBestMatch": true
    },
    {
        "id": 291506183,
        "price": "0.06638400",
        "qty": "3.13500000",
        "quoteQty": "0.20811384",
        "time": 1629986761679,
        "isBuyerMaker": true,
        "isBestMatch": true
    },
    {
        "id": 291506184,
        "price": "0.06638600",
        "qty": "0.00600000",
        "quoteQty": "0.00039831",
        "time": 1629986762718,
        "isBuyerMaker": true,
        "isBestMatch": true
    },
    {
        "id": 291506185,
        "price": "0.06638300",
        "qty": "0.19430000",
        "quoteQty": "0.01289821",
        "time": 1629986763553,
        "isBuyerMaker": true,
        "isBestMatch": true
    },
    {
        "id": 291506186,
        "price": "0.06638200",
        "qty": "1.59190000",
        "quoteQty": "0.10567350",
        "time": 1629986763883,
        "isBuyerMaker": true,
        "isBestMatch": true
    },
    {
        "id": 291506187,
        "price": "0.06638200",
        "qty": "2.30000000",
        "quoteQty": "0.15267860",
        "time": 1629986763883,
        "isBuyerMaker": true,
        "isBestMatch": true
    },
    {
        "id": 291506188,
        "price": "0.06638200",
        "qty": "1.72900000",
        "quoteQty": "0.11477447",
        "time": 1629986763883,
        "isBuyerMaker": true,
        "isBestMatch": true
    },
    {
        "id": 291506189,
        "price": "0.06638200",
        "qty": "5.50000000",
        "quoteQty": "0.36510100",
        "time": 1629986763883,
        "isBuyerMaker": true,
        "isBestMatch": true
    },
    {
        "id": 291506190,
        "price": "0.06638100",
        "qty": "0.00800000",
        "quoteQty": "0.00053104",
        "time": 1629986764755,
        "isBuyerMaker": true,
        "isBestMatch": true
    },
    {
        "id": 291506191,
        "price": "0.06638200",
        "qty": "0.90230000",
        "quoteQty": "0.05989647",
        "time": 1629986764788,
        "isBuyerMaker": false,
        "isBestMatch": true
    },
    {
        "id": 291506192,
        "price": "0.06638400",
        "qty": "0.46500000",
        "quoteQty": "0.03086856",
        "time": 1629986764893,
        "isBuyerMaker": true,
        "isBestMatch": true
    },
    {
        "id": 291506193,
        "price": "0.06638400",
        "qty": "0.01290000",
        "quoteQty": "0.00085635",
        "time": 1629986765099,
        "isBuyerMaker": true,
        "isBestMatch": true
    },
    {
        "id": 291506194,
        "price": "0.06638500",
        "qty": "0.06770000",
        "quoteQty": "0.00449426",
        "time": 1629986765637,
        "isBuyerMaker": false,
        "isBestMatch": true
    },
    {
        "id": 291506195,
        "price": "0.06638600",
        "qty": "5.50000000",
        "quoteQty": "0.36512300",
        "time": 1629986765994,
        "isBuyerMaker": true,
        "isBestMatch": true
    },
    {
        "id": 291506196,
        "price": "0.06638500",
        "qty": "0.00610000",
        "quoteQty": "0.00040494",
        "time": 1629986766076,
        "isBuyerMaker": true,
        "isBestMatch": true
    },
    {
        "id": 291506197,
        "price": "0.06638500",
        "qty": "0.46500000",
        "quoteQty": "0.03086902",
        "time": 1629986766400,
        "isBuyerMaker": true,
        "isBestMatch": true
    },
    {
        "id": 291506198,
        "price": "0.06638600",
        "qty": "2.40000000",
        "quoteQty": "0.15932640",
        "time": 1629986766988,
        "isBuyerMaker": false,
        "isBestMatch": true
    },
    {
        "id": 291506199,
        "price": "0.06638600",
        "qty": "1.35020000",
        "quoteQty": "0.08963437",
        "time": 1629986767034,
        "isBuyerMaker": false,
        "isBestMatch": true
    },
    {
        "id": 291506200,
        "price": "0.06638200",
        "qty": "0.34260000",
        "quoteQty": "0.02274247",
        "time": 1629986767235,
        "isBuyerMaker": false,
        "isBestMatch": true
    },
    {
        "id": 291506201,
        "price": "0.06638200",
        "qty": "0.41190000",
        "quoteQty": "0.02734274",
        "time": 1629986767886,
        "isBuyerMaker": false,
        "isBestMatch": true
    },
    {
        "id": 291506202,
        "price": "0.06638200",
        "qty": "0.80000000",
        "quoteQty": "0.05310560",
        "time": 1629986768066,
        "isBuyerMaker": false,
        "isBestMatch": true
    },
    {
        "id": 291506203,
        "price": "0.06638100",
        "qty": "0.63400000",
        "quoteQty": "0.04208555",
        "time": 1629986768178,
        "isBuyerMaker": true,
        "isBestMatch": true
    },
    {
        "id": 291506204,
        "price": "0.06637900",
        "qty": "0.04130000",
        "quoteQty": "0.00274145",
        "time": 1629986768288,
        "isBuyerMaker": false,
        "isBestMatch": true
    },
    {
        "id": 291506205,
        "price": "0.06638100",
        "qty": "2.77220000",
        "quoteQty": "0.18402140",
        "time": 1629986769185,
        "isBuyerMaker": false,
        "isBestMatch": true
    },
    {
        "id": 291506206,
        "price": "0.06638100",
        "qty": "0.02750000",
        "quoteQty": "0.00182547",
        "time": 1629986769475,
        "isBuyerMaker": false,
        "isBestMatch": true
    },
    {
        "id": 291506207,
        "price": "0.06637900",
        "qty": "0.00540000",
        "quoteQty": "0.00035844",
        "time": 1629986770153,
        "isBuyerMaker": true,
        "isBestMatch": true
    },
    {
        "id": 291506208,
        "price": "0.06637900",
        "qty": "0.06310000",
        "quoteQty": "0.00418851",
        "time": 1629986770384,
        "isBuyerMaker": true,
        "isBestMatch": true
    },
    {
        "id": 291506209,
        "price": "0.06637900",
        "qty": "2.40000000",
        "quoteQty": "0.15930960",
        "time": 1629986770384,
        "isBuyerMaker": true,
        "isBestMatch": true
    },
    {
        "id": 291506210,
        "price": "0.06637900",
        "qty": "5.50000000",
        "quoteQty": "0.36508450",
        "time": 1629986770384,
        "isBuyerMaker": true,
        "isBestMatch": true
    },
    {
        "id": 291506211,
        "price": "0.06637900",
        "qty": "2.30000000",
        "quoteQty": "0.15267170",
        "time": 1629986770384,
        "isBuyerMaker": true,
        "isBestMatch": true
    },
    {
        "id": 291506212,
        "price": "0.06637900",
        "qty": "1.64480000",
        "quoteQty": "0.10918017",
        "time": 1629986770384,
        "isBuyerMaker": true,
        "isBestMatch": true
    },
    {
        "id": 291506213,
        "price": "0.06638000",
        "qty": "0.06500000",
        "quoteQty": "0.00431470",
        "time": 1629986770423,
        "isBuyerMaker": false,
        "isBestMatch": true
    },
    {
        "id": 291506214,
        "price": "0.06637900",
        "qty": "0.00620000",
        "quoteQty": "0.00041154",
        "time": 1629986770528,
        "isBuyerMaker": true,
        "isBestMatch": true
    },
    {
        "id": 291506215,
        "price": "0.06637900",
        "qty": "0.00580000",
        "quoteQty": "0.00038499",
        "time": 1629986771162,
        "isBuyerMaker": true,
        "isBestMatch": true
    },
    {
        "id": 291506216,
        "price": "0.06638100",
        "qty": "1.27130000",
        "quoteQty": "0.08439016",
        "time": 1629986771236,
        "isBuyerMaker": false,
        "isBestMatch": true
    },
    {
        "id": 291506217,
        "price": "0.06637900",
        "qty": "0.63770000",
        "quoteQty": "0.04232988",
        "time": 1629986772584,
        "isBuyerMaker": true,
        "isBestMatch": true
    },
    {
        "id": 291506218,
        "price": "0.06637500",
        "qty": "0.15990000",
        "quoteQty": "0.01061336",
        "time": 1629986773535,
        "isBuyerMaker": false,
        "isBestMatch": true
    },
    {
        "id": 291506219,
        "price": "0.06637400",
        "qty": "0.02200000",
        "quoteQty": "0.00146022",
        "time": 1629986773889,
        "isBuyerMaker": true,
        "isBestMatch": true
    },
    {
        "id": 291506220,
        "price": "0.06637400",
        "qty": "0.62870000",
        "quoteQty": "0.04172933",
        "time": 1629986773889,
        "isBuyerMaker": true,
        "isBestMatch": true
    },
    {
        "id": 291506221,
        "price": "0.06637300",
        "qty": "2.40890000",
        "quoteQty": "0.15988591",
        "time": 1629986773939,
        "isBuyerMaker": true,
        "isBestMatch": true
    },
    {
        "id": 291506222,
        "price": "0.06637400",
        "qty": "0.00210000",
        "quoteQty": "0.00013938",
        "time": 1629986774074,
        "isBuyerMaker": false,
        "isBestMatch": true
    },
    {
        "id": 291506223,
        "price": "0.06637300",
        "qty": "3.61710000",
        "quoteQty": "0.24007777",
        "time": 1629986774801,
        "isBuyerMaker": true,
        "isBestMatch": true
    },
    {
        "id": 291506224,
        "price": "0.06636400",
        "qty": "1.59230000",
        "quoteQty": "0.10567139",
        "time": 1629986775551,
        "isBuyerMaker": true,
        "isBestMatch": true
    },
    {
        "id": 291506225,
        "price": "0.06635900",
        "qty": "0.25010000",
        "quoteQty": "0.01659638",
        "time": 1629986775634,
        "isBuyerMaker": false,
        "isBestMatch": true
    },
    {
        "id": 291506226,
        "price": "0.06635900",
        "qty": "0.50630000",
        "quoteQty": "0.03359756",
        "time": 1629986776199,
        "isBuyerMaker": false,
        "isBestMatch": true
    },
    {
        "id": 291506227,
        "price": "0.06635800",
        "qty": "0.00220000",
        "quoteQty": "0.00014598",
        "time": 1629986776992,
        "isBuyerMaker": true,
        "isBestMatch": true
    },
    {
        "id": 291506228,
        "price": "0.06635800",
        "qty": "2.40000000",
        "quoteQty": "0.15925920",
        "time": 1629986776992,
        "isBuyerMaker": true,
        "isBestMatch": true
    },
    {
        "id": 291506229,
        "price": "0.06635800",
        "qty": "5.50000000",
        "quoteQty": "0.36496900",
        "time": 1629986776992,
        "isBuyerMaker": true,
        "isBestMatch": true
    },
    {
        "id": 291506230,
        "price": "0.06635800",
        "qty": "2.50000000",
        "quoteQty": "0.16589500",
        "time": 1629986776992,
        "isBuyerMaker": true,
        "isBestMatch": true
    },
    {
        "id": 291506231,
        "price": "0.06635900",
        "qty": "0.00630000",
        "quoteQty": "0.00041806",
        "time": 1629986777031,
        "isBuyerMaker": false,
        "isBestMatch": true
    },
    {
        "id": 291506232,
        "price": "0.06635900",
        "qty": "0.07760000",
        "quoteQty": "0.00514945",
        "time": 1629986777084,
        "isBuyerMaker": false,
        "isBestMatch": true
    },
    {
        "id": 291506233,
        "price": "0.06635700",
        "qty": "0.90000000",
        "quoteQty": "0.05972130",
        "time": 1629986777239,
        "isBuyerMaker": false,
        "isBestMatch": true
    },
    {
        "id": 291506234,
        "price": "0.06635700",
        "qty": "3.70000000",
        "quoteQty": "0.24552090",
        "time": 1629986777631,
        "isBuyerMaker": false,
        "isBestMatch": true
    },
    {
        "id": 291506235,
        "price": "0.06635700",
        "qty": "1.81410000",
        "quoteQty": "0.12037823",
        "time": 1629986777631,
        "isBuyerMaker": false,
        "isBestMatch": true
    },
    {
        "id": 291506236,
        "price": "0.06635600",
        "qty": "0.00620000",
        "quoteQty": "0.00041140",
        "time": 1629986777803,
        "isBuyerMaker": true,
        "isBestMatch": true
    },
    {
        "id": 291506237,
        "price": "0.06635600",
        "qty": "0.11430000",
        "quoteQty": "0.00758449",
        "time": 1629986778060,
        "isBuyerMaker": true,
        "isBestMatch": true
    },
    {
        "id": 291506238,
        "price": "0.06635200",
        "qty": "0.25000000",
        "quoteQty": "0.01658800",
        "time": 1629986778154,
        "isBuyerMaker": true,
        "isBestMatch": true
    },
    {
        "id": 291506239,
        "price": "0.06634800",
        "qty": "0.02470000",
        "quoteQty": "0.00163879",
        "time": 1629986779031,
        "isBuyerMaker": false,
        "isBestMatch": true
    },
    {
        "id": 291506240,
        "price": "0.06634700",
        "qty": "5.50000000",
        "quoteQty": "0.36490850",
        "time": 1629986779088,
        "isBuyerMaker": true,
        "isBestMatch": true
    },
    {
        "id": 291506241,
        "price": "0.06634700",
        "qty": "2.30000000",
        "quoteQty": "0.15259810",
        "time": 1629986779088,
        "isBuyerMaker": true,
        "isBestMatch": true
    },
    {
        "id": 291506242,
        "price": "0.06634700",
        "qty": "1.07940000",
        "quoteQty": "0.07161495",
        "time": 1629986779088,
        "isBuyerMaker": true,
        "isBestMatch": true
    },
    {
        "id": 291506243,
        "price": "0.06634800",
        "qty": "0.04430000",
        "quoteQty": "0.00293921",
        "time": 1629986779091,
        "isBuyerMaker": false,
        "isBestMatch": true
    },
    {
        "id": 291506244,
        "price": "0.06634800",
        "qty": "0.01000000",
        "quoteQty": "0.00066348",
        "time": 1629986779233,
        "isBuyerMaker": false,
        "isBestMatch": true
    },
    {
        "id": 291506245,
        "price": "0.06634800",
        "qty": "0.33320000",
        "quoteQty": "0.02210715",
        "time": 1629986779233,
        "isBuyerMaker": false,
        "isBestMatch": true
    },
    {
        "id": 291506246,
        "price": "0.06635000",
        "qty": "1.73390000",
        "quoteQty": "0.11504426",
        "time": 1629986779386,
        "isBuyerMaker": false,
        "isBestMatch": true
    },
    {
        "id": 291506247,
        "price": "0.06635000",
        "qty": "0.33320000",
        "quoteQty": "0.02210782",
        "time": 1629986779386,
        "isBuyerMaker": false,
        "isBestMatch": true
    },
    {
        "id": 291506248,
        "price": "0.06635200",
        "qty": "0.33330000",
        "quoteQty": "0.02211512",
        "time": 1629986779434,
        "isBuyerMaker": false,
        "isBestMatch": true
    },
    {
        "id": 291506249,
        "price": "0.06635200",
        "qty": "0.72880000",
        "quoteQty": "0.04835733",
        "time": 1629986779484,
        "isBuyerMaker": false,
        "isBestMatch": true
    },
    {
        "id": 291506250,
        "price": "0.06635300",
        "qty": "0.07490000",
        "quoteQty": "0.00496983",
        "time": 1629986779637,
        "isBuyerMaker": false,
        "isBestMatch": true
    },
    {
        "id": 291506251,
        "price": "0.06635800",
        "qty": "0.53290000",
        "quoteQty": "0.03536217",
        "time": 1629986779781,
        "isBuyerMaker": false,
        "isBestMatch": true
    },
    {
        "id": 291506252,
        "price": "0.06635800",
        "qty": "0.23000000",
        "quoteQty": "0.01526234",
        "time": 1629986779873,
        "isBuyerMaker": false,
        "isBestMatch": true
    },
    {
        "id": 291506253,
        "price": "0.06635800",
        "qty": "0.27080000",
        "quoteQty": "0.01796974",
        "time": 1629986779941,
        "isBuyerMaker": false,
        "isBestMatch": true
    },
    {
        "id": 291506254,
        "price": "0.06635800",
        "qty": "0.37590000",
        "quoteQty": "0.02494397",
        "time": 1629986779941,
        "isBuyerMaker": false,
        "isBestMatch": true
    },
    {
        "id": 291506255,
        "price": "0.06635800",
        "qty": "0.75340000",
        "quoteQty": "0.04999411",
        "time": 1629986779942,
        "isBuyerMaker": false,
        "isBestMatch": true
    },
    {
        "id": 291506256,
        "price": "0.06635800",
        "qty": "2.74990000",
        "quoteQty": "0.18247786",
        "time": 1629986780037,
        "isBuyerMaker": false,
        "isBestMatch": true
    },
    {
        "id": 291506257,
        "price": "0.06635800",
        "qty": "0.47970000",
        "quoteQty": "0.03183193",
        "time": 1629986780040,
        "isBuyerMaker": false,
        "isBestMatch": true
    },
    {
        "id": 291506258,
        "price": "0.06635800",
        "qty": "1.01760000",
        "quoteQty": "0.06752590",
        "time": 1629986780088,
        "isBuyerMaker": false,
        "isBestMatch": true
    },
    {
        "id": 291506259,
        "price": "0.06635800",
        "qty": "0.12350000",
        "quoteQty": "0.00819521",
        "time": 1629986780126,
        "isBuyerMaker": false,
        "isBestMatch": true
    },
    {
        "id": 291506260,
        "price": "0.06636200",
        "qty": "0.10640000",
        "quoteQty": "0.00706091",
        "time": 1629986780126,
        "isBuyerMaker": false,
        "isBestMatch": true
    },
    {
        "id": 291506261,
        "price": "0.06636200",
        "qty": "0.10740000",
        "quoteQty": "0.00712727",
        "time": 1629986780146,
        "isBuyerMaker": false,
        "isBestMatch": true
    },
    {
        "id": 291506262,
        "price": "0.06635700",
        "qty": "0.08510000",
        "quoteQty": "0.00564698",
        "time": 1629986780431,
        "isBuyerMaker": false,
        "isBestMatch": true
    },
    {
        "id": 291506263,
        "price": "0.06635700",
        "qty": "1.66650000",
        "quoteQty": "0.11058394",
        "time": 1629986780434,
        "isBuyerMaker": false,
        "isBestMatch": true
    },
    {
        "id": 291506264,
        "price": "0.06635900",
        "qty": "0.24320000",
        "quoteQty": "0.01613850",
        "time": 1629986781288,
        "isBuyerMaker": false,
        "isBestMatch": true
    },
    {
        "id": 291506265,
        "price": "0.06635600",
        "qty": "0.97070000",
        "quoteQty": "0.06441176",
        "time": 1629986781911,
        "isBuyerMaker": true,
        "isBestMatch": true
    },
    {
        "id": 291506266,
        "price": "0.06635800",
        "qty": "0.01400000",
        "quoteQty": "0.00092901",
        "time": 1629986782182,
        "isBuyerMaker": false,
        "isBestMatch": true
    },
    {
        "id": 291506267,
        "price": "0.06636000",
        "qty": "3.26240000",
        "quoteQty": "0.21649286",
        "time": 1629986782381,
        "isBuyerMaker": false,
        "isBestMatch": true
    },
    {
        "id": 291506268,
        "price": "0.06636000",
        "qty": "0.39360000",
        "quoteQty": "0.02611929",
        "time": 1629986782483,
        "isBuyerMaker": false,
        "isBestMatch": true
    },
    {
        "id": 291506269,
        "price": "0.06635800",
        "qty": "0.72770000",
        "quoteQty": "0.04828871",
        "time": 1629986782785,
        "isBuyerMaker": false,
        "isBestMatch": true
    },
    {
        "id": 291506270,
        "price": "0.06636100",
        "qty": "2.30000000",
        "quoteQty": "0.15263030",
        "time": 1629986782930,
        "isBuyerMaker": false,
        "isBestMatch": true
    },
    {
        "id": 291506271,
        "price": "0.06636100",
        "qty": "0.73970000",
        "quoteQty": "0.04908723",
        "time": 1629986782988,
        "isBuyerMaker": false,
        "isBestMatch": true
    },
    {
        "id": 291506272,
        "price": "0.06636100",
        "qty": "0.01080000",
        "quoteQty": "0.00071669",
        "time": 1629986783034,
        "isBuyerMaker": false,
        "isBestMatch": true
    },
    {
        "id": 291506273,
        "price": "0.06636100",
        "qty": "1.54950000",
        "quoteQty": "0.10282636",
        "time": 1629986783287,
        "isBuyerMaker": false,
        "isBestMatch": true
    },
    {
        "id": 291506274,
        "price": "0.06636100",
        "qty": "1.29210000",
        "quoteQty": "0.08574504",
        "time": 1629986783287,
        "isBuyerMaker": false,
        "isBestMatch": true
    },
    {
        "id": 291506275,
        "price": "0.06636100",
        "qty": "1.48740000",
        "quoteQty": "0.09870535",
        "time": 1629986783336,
        "isBuyerMaker": false,
        "isBestMatch": true
    },
    {
        "id": 291506276,
        "price": "0.06636200",
        "qty": "0.45200000",
        "quoteQty": "0.02999562",
        "time": 1629986784335,
        "isBuyerMaker": false,
        "isBestMatch": true
    },
    {
        "id": 291506277,
        "price": "0.06636100",
        "qty": "0.00620000",
        "quoteQty": "0.00041143",
        "time": 1629986784480,
        "isBuyerMaker": true,
        "isBestMatch": true
    },
    {
        "id": 291506278,
        "price": "0.06636200",
        "qty": "2.72450000",
        "quoteQty": "0.18080326",
        "time": 1629986784629,
        "isBuyerMaker": false,
        "isBestMatch": true
    },
    {
        "id": 291506279,
        "price": "0.06636200",
        "qty": "0.00160000",
        "quoteQty": "0.00010617",
        "time": 1629986786095,
        "isBuyerMaker": false,
        "isBestMatch": true
    },
    {
        "id": 291506280,
        "price": "0.06636100",
        "qty": "0.12100000",
        "quoteQty": "0.00802968",
        "time": 1629986786305,
        "isBuyerMaker": true,
        "isBestMatch": true
    },
    {
        "id": 291506281,
        "price": "0.06636100",
        "qty": "2.50000000",
        "quoteQty": "0.16590250",
        "time": 1629986787830,
        "isBuyerMaker": false,
        "isBestMatch": true
    },
    {
        "id": 291506282,
        "price": "0.06636100",
        "qty": "0.03000000",
        "quoteQty": "0.00199083",
        "time": 1629986788189,
        "isBuyerMaker": true,
        "isBestMatch": true
    },
    {
        "id": 291506283,
        "price": "0.06636100",
        "qty": "0.00620000",
        "quoteQty": "0.00041143",
        "time": 1629986788816,
        "isBuyerMaker": true,
        "isBestMatch": true
    },
    {
        "id": 291506284,
        "price": "0.06636100",
        "qty": "0.00180000",
        "quoteQty": "0.00011944",
        "time": 1629986790195,
        "isBuyerMaker": false,
        "isBestMatch": true
    },
    {
        "id": 291506285,
        "price": "0.06636000",
        "qty": "1.16340000",
        "quoteQty": "0.07720322",
        "time": 1629986790289,
        "isBuyerMaker": true,
        "isBestMatch": true
    },
    {
        "id": 291506286,
        "price": "0.06636100",
        "qty": "0.00620000",
        "quoteQty": "0.00041143",
        "time": 1629986790456,
        "isBuyerMaker": true,
        "isBestMatch": true
    },
    {
        "id": 291506287,
        "price": "0.06636000",
        "qty": "0.42930000",
        "quoteQty": "0.02848834",
        "time": 1629986791720,
        "isBuyerMaker": true,
        "isBestMatch": true
    },
    {
        "id": 291506288,
        "price": "0.06635100",
        "qty": "0.04840000",
        "quoteQty": "0.00321138",
        "time": 1629986791720,
        "isBuyerMaker": true,
        "isBestMatch": true
    },
    {
        "id": 291506289,
        "price": "0.06635900",
        "qty": "0.04470000",
        "quoteQty": "0.00296624",
        "time": 1629986792237,
        "isBuyerMaker": false,
        "isBestMatch": true
    },
    {
        "id": 291506290,
        "price": "0.06636000",
        "qty": "0.71260000",
        "quoteQty": "0.04728813",
        "time": 1629986792484,
        "isBuyerMaker": false,
        "isBestMatch": true
    },
    {
        "id": 291506291,
        "price": "0.06636000",
        "qty": "0.59990000",
        "quoteQty": "0.03980936",
        "time": 1629986792738,
        "isBuyerMaker": false,
        "isBestMatch": true
    },
    {
        "id": 291506292,
        "price": "0.06635200",
        "qty": "0.14600000",
        "quoteQty": "0.00968739",
        "time": 1629986794840,
        "isBuyerMaker": false,
        "isBestMatch": true
    },
    {
        "id": 291506293,
        "price": "0.06635500",
        "qty": "0.07490000",
        "quoteQty": "0.00496998",
        "time": 1629986795564,
        "isBuyerMaker": false,
        "isBestMatch": true
    },
    {
        "id": 291506294,
        "price": "0.06635500",
        "qty": "2.43200000",
        "quoteQty": "0.16137536",
        "time": 1629986795564,
        "isBuyerMaker": false,
        "isBestMatch": true
    },
    {
        "id": 291506295,
        "price": "0.06635400",
        "qty": "1.59530000",
        "quoteQty": "0.10585453",
        "time": 1629986796331,
        "isBuyerMaker": false,
        "isBestMatch": true
    },
    {
        "id": 291506296,
        "price": "0.06636200",
        "qty": "0.10000000",
        "quoteQty": "0.00663620",
        "time": 1629986796880,
        "isBuyerMaker": false,
        "isBestMatch": true
    },
    {
        "id": 291506297,
        "price": "0.06636200",
        "qty": "2.77600000",
        "quoteQty": "0.18422091",
        "time": 1629986796940,
        "isBuyerMaker": false,
        "isBestMatch": true
    },
    {
        "id": 291506298,
        "price": "0.06636200",
        "qty": "2.79300000",
        "quoteQty": "0.18534906",
        "time": 1629986796987,
        "isBuyerMaker": false,
        "isBestMatch": true
    },
    {
        "id": 291506299,
        "price": "0.06636200",
        "qty": "0.04150000",
        "quoteQty": "0.00275402",
        "time": 1629986797036,
        "isBuyerMaker": false,
        "isBestMatch": true
    },
    {
        "id": 291506300,
        "price": "0.06635100",
        "qty": "0.77430000",
        "quoteQty": "0.05137557",
        "time": 1629986797298,
        "isBuyerMaker": true,
        "isBestMatch": true
    },
    {
        "id": 291506301,
        "price": "0.06635900",
        "qty": "0.01700000",
        "quoteQty": "0.00112810",
        "time": 1629986797732,
        "isBuyerMaker": true,
        "isBestMatch": true
    },
    {
        "id": 291506302,
        "price": "0.06636200",
        "qty": "0.00160000",
        "quoteQty": "0.00010617",
        "time": 1629986798255,
        "isBuyerMaker": false,
        "isBestMatch": true
    },
    {
        "id": 291506303,
        "price": "0.06635700",
        "qty": "0.00540000",
        "quoteQty": "0.00035832",
        "time": 1629986799101,
        "isBuyerMaker": true,
        "isBestMatch": true
    },
    {
        "id": 291506304,
        "price": "0.06635600",
        "qty": "0.00470000",
        "quoteQty": "0.00031187",
        "time": 1629986799835,
        "isBuyerMaker": true,
        "isBestMatch": true
    },
    {
        "id": 291506305,
        "price": "0.06635500",
        "qty": "5.50000000",
        "quoteQty": "0.36495250",
        "time": 1629986799835,
        "isBuyerMaker": true,
        "isBestMatch": true
    },
    {
        "id": 291506306,
        "price": "0.06635300",
        "qty": "0.08700000",
        "quoteQty": "0.00577271",
        "time": 1629986799835,
        "isBuyerMaker": true,
        "isBestMatch": true
    },
    {
        "id": 291506307,
        "price": "0.06635100",
        "qty": "1.52830000",
        "quoteQty": "0.10140423",
        "time": 1629986799835,
        "isBuyerMaker": true,
        "isBestMatch": true
    },
    {
        "id": 291506308,
        "price": "0.06635600",
        "qty": "1.03710000",
        "quoteQty": "0.06881780",
        "time": 1629986800041,
        "isBuyerMaker": true,
        "isBestMatch": true
    },
    {
        "id": 291506309,
        "price": "0.06635600",
        "qty": "0.61390000",
        "quoteQty": "0.04073594",
        "time": 1629986800093,
        "isBuyerMaker": true,
        "isBestMatch": true
    },
    {
        "id": 291506310,
        "price": "0.06636100",
        "qty": "0.01690000",
        "quoteQty": "0.00112150",
        "time": 1629986800382,
        "isBuyerMaker": false,
        "isBestMatch": true
    },
    {
        "id": 291506311,
        "price": "0.06636100",
        "qty": "1.02190000",
        "quoteQty": "0.06781430",
        "time": 1629986801096,
        "isBuyerMaker": true,
        "isBestMatch": true
    },
    {
        "id": 291506312,
        "price": "0.06635800",
        "qty": "0.00620000",
        "quoteQty": "0.00041141",
        "time": 1629986801987,
        "isBuyerMaker": true,
        "isBestMatch": true
    },
    {
        "id": 291506313,
        "price": "0.06635900",
        "qty": "0.00660000",
        "quoteQty": "0.00043796",
        "time": 1629986802812,
        "isBuyerMaker": false,
        "isBestMatch": true
    },
    {
        "id": 291506314,
        "price": "0.06635900",
        "qty": "1.00000000",
        "quoteQty": "0.06635900",
        "time": 1629986803235,
        "isBuyerMaker": false,
        "isBestMatch": true
    },
    {
        "id": 291506315,
        "price": "0.06635800",
        "qty": "0.08870000",
        "quoteQty": "0.00588595",
        "time": 1629986803293,
        "isBuyerMaker": true,
        "isBestMatch": true
    },
    {
        "id": 291506316,
        "price": "0.06635200",
        "qty": "1.79660000",
        "quoteQty": "0.11920800",
        "time": 1629986803447,
        "isBuyerMaker": true,
        "isBestMatch": true
    },
    {
        "id": 291506317,
        "price": "0.06635200",
        "qty": "1.16090000",
        "quoteQty": "0.07702803",
        "time": 1629986803447,
        "isBuyerMaker": true,
        "isBestMatch": true
    },
    {
        "id": 291506318,
        "price": "0.06635200",
        "qty": "0.15350000",
        "quoteQty": "0.01018503",
        "time": 1629986803500,
        "isBuyerMaker": true,
        "isBestMatch": true
    },
    {
        "id": 291506319,
        "price": "0.06635200",
        "qty": "0.63740000",
        "quoteQty": "0.04229276",
        "time": 1629986803555,
        "isBuyerMaker": true,
        "isBestMatch": true
    },
    {
        "id": 291506320,
        "price": "0.06635200",
        "qty": "0.08630000",
        "quoteQty": "0.00572617",
        "time": 1629986803599,
        "isBuyerMaker": true,
        "isBestMatch": true
    },
    {
        "id": 291506321,
        "price": "0.06635200",
        "qty": "0.15940000",
        "quoteQty": "0.01057650",
        "time": 1629986803643,
        "isBuyerMaker": true,
        "isBestMatch": true
    },
    {
        "id": 291506322,
        "price": "0.06634900",
        "qty": "0.47260000",
        "quoteQty": "0.03135653",
        "time": 1629986803851,
        "isBuyerMaker": false,
        "isBestMatch": true
    },
    {
        "id": 291506323,
        "price": "0.06634900",
        "qty": "2.50000000",
        "quoteQty": "0.16587250",
        "time": 1629986803929,
        "isBuyerMaker": false,
        "isBestMatch": true
    },
    {
        "id": 291506324,
        "price": "0.06634900",
        "qty": "0.46290000",
        "quoteQty": "0.03071295",
        "time": 1629986803929,
        "isBuyerMaker": false,
        "isBestMatch": true
    },
    {
        "id": 291506325,
        "price": "0.06633700",
        "qty": "0.09480000",
        "quoteQty": "0.00628874",
        "time": 1629986804195,
        "isBuyerMaker": true,
        "isBestMatch": true
    },
    {
        "id": 291506326,
        "price": "0.06633700",
        "qty": "0.02500000",
        "quoteQty": "0.00165842",
        "time": 1629986804195,
        "isBuyerMaker": true,
        "isBestMatch": true
    },
    {
        "id": 291506327,
        "price": "0.06634700",
        "qty": "0.74080000",
        "quoteQty": "0.04914985",
        "time": 1629986805822,
        "isBuyerMaker": false,
        "isBestMatch": true
    },
    {
        "id": 291506328,
        "price": "0.06634700",
        "qty": "0.11440000",
        "quoteQty": "0.00759009",
        "time": 1629986806146,
        "isBuyerMaker": false,
        "isBestMatch": true
    },
    {
        "id": 291506329,
        "price": "0.06634700",
        "qty": "0.00180000",
        "quoteQty": "0.00011942",
        "time": 1629986809378,
        "isBuyerMaker": true,
        "isBestMatch": true
    },
    {
        "id": 291506330,
        "price": "0.06634700",
        "qty": "1.69630000",
        "quoteQty": "0.11254441",
        "time": 1629986809378,
        "isBuyerMaker": true,
        "isBestMatch": true
    },
    {
        "id": 291506331,
        "price": "0.06634700",
        "qty": "2.39990000",
        "quoteQty": "0.15922616",
        "time": 1629986809378,
        "isBuyerMaker": true,
        "isBestMatch": true
    },
    {
        "id": 291506332,
        "price": "0.06634600",
        "qty": "1.59280000",
        "quoteQty": "0.10567590",
        "time": 1629986809406,
        "isBuyerMaker": true,
        "isBestMatch": true
    },
    {
        "id": 291506333,
        "price": "0.06633700",
        "qty": "0.93880000",
        "quoteQty": "0.06227717",
        "time": 1629986809457,
        "isBuyerMaker": true,
        "isBestMatch": true
    },
    {
        "id": 291506334,
        "price": "0.06633700",
        "qty": "1.59300000",
        "quoteQty": "0.10567484",
        "time": 1629986809471,
        "isBuyerMaker": false,
        "isBestMatch": true
    },
    {
        "id": 291506335,
        "price": "0.06633800",
        "qty": "1.59270000",
        "quoteQty": "0.10565653",
        "time": 1629986809471,
        "isBuyerMaker": false,
        "isBestMatch": true
    },
    {
        "id": 291506336,
        "price": "0.06633700",
        "qty": "0.92370000",
        "quoteQty": "0.06127548",
        "time": 1629986809510,
        "isBuyerMaker": true,
        "isBestMatch": true
    },
    {
        "id": 291506337,
        "price": "0.06634200",
        "qty": "0.00600000",
        "quoteQty": "0.00039805",
        "time": 1629986810195,
        "isBuyerMaker": false,
        "isBestMatch": true
    },
    {
        "id": 291506338,
        "price": "0.06634400",
        "qty": "0.31630000",
        "quoteQty": "0.02098460",
        "time": 1629986810495,
        "isBuyerMaker": true,
        "isBestMatch": true
    },
    {
        "id": 291506339,
        "price": "0.06634600",
        "qty": "0.07490000",
        "quoteQty": "0.00496931",
        "time": 1629986811225,
        "isBuyerMaker": false,
        "isBestMatch": true
    },
    {
        "id": 291506340,
        "price": "0.06634600",
        "qty": "0.13510000",
        "quoteQty": "0.00896334",
        "time": 1629986811225,
        "isBuyerMaker": false,
        "isBestMatch": true
    },
    {
        "id": 291506341,
        "price": "0.06634600",
        "qty": "0.06650000",
        "quoteQty": "0.00441200",
        "time": 1629986812713,
        "isBuyerMaker": false,
        "isBestMatch": true
    },
    {
        "id": 291506342,
        "price": "0.06634400",
        "qty": "0.00170000",
        "quoteQty": "0.00011278",
        "time": 1629986813910,
        "isBuyerMaker": false,
        "isBestMatch": true
    },
    {
        "id": 291506343,
        "price": "0.06634600",
        "qty": "0.00720000",
        "quoteQty": "0.00047769",
        "time": 1629986814512,
        "isBuyerMaker": false,
        "isBestMatch": true
    },
    {
        "id": 291506344,
        "price": "0.06634600",
        "qty": "0.03220000",
        "quoteQty": "0.00213634",
        "time": 1629986814643,
        "isBuyerMaker": false,
        "isBestMatch": true
    },
    {
        "id": 291506345,
        "price": "0.06634500",
        "qty": "0.00630000",
        "quoteQty": "0.00041797",
        "time": 1629986814648,
        "isBuyerMaker": true,
        "isBestMatch": true
    },
    {
        "id": 291506346,
        "price": "0.06634300",
        "qty": "2.30000000",
        "quoteQty": "0.15258890",
        "time": 1629986816300,
        "isBuyerMaker": false,
        "isBestMatch": true
    },
    {
        "id": 291506347,
        "price": "0.06634300",
        "qty": "0.88670000",
        "quoteQty": "0.05882633",
        "time": 1629986816300,
        "isBuyerMaker": false,
        "isBestMatch": true
    },
    {
        "id": 291506348,
        "price": "0.06634200",
        "qty": "0.88640000",
        "quoteQty": "0.05880554",
        "time": 1629986816439,
        "isBuyerMaker": true,
        "isBestMatch": true
    },
    {
        "id": 291506349,
        "price": "0.06634200",
        "qty": "1.36340000",
        "quoteQty": "0.09045068",
        "time": 1629986816439,
        "isBuyerMaker": true,
        "isBestMatch": true
    },
    {
        "id": 291506350,
        "price": "0.06634100",
        "qty": "3.18690000",
        "quoteQty": "0.21142213",
        "time": 1629986816839,
        "isBuyerMaker": false,
        "isBestMatch": true
    },
    {
        "id": 291506351,
        "price": "0.06634100",
        "qty": "3.20840000",
        "quoteQty": "0.21284846",
        "time": 1629986817186,
        "isBuyerMaker": false,
        "isBestMatch": true
    },
    {
        "id": 291506352,
        "price": "0.06634200",
        "qty": "2.30000000",
        "quoteQty": "0.15258660",
        "time": 1629986817458,
        "isBuyerMaker": false,
        "isBestMatch": true
    },
    {
        "id": 291506353,
        "price": "0.06634200",
        "qty": "0.88700000",
        "quoteQty": "0.05884535",
        "time": 1629986817458,
        "isBuyerMaker": false,
        "isBestMatch": true
    },
    {
        "id": 291506354,
        "price": "0.06634100",
        "qty": "3.18720000",
        "quoteQty": "0.21144203",
        "time": 1629986817707,
        "isBuyerMaker": false,
        "isBestMatch": true
    },
    {
        "id": 291506355,
        "price": "0.06634300",
        "qty": "2.30000000",
        "quoteQty": "0.15258890",
        "time": 1629986817992,
        "isBuyerMaker": false,
        "isBestMatch": true
    },
    {
        "id": 291506356,
        "price": "0.06634500",
        "qty": "2.50460000",
        "quoteQty": "0.16616768",
        "time": 1629986818251,
        "isBuyerMaker": false,
        "isBestMatch": true
    },
    {
        "id": 291506357,
        "price": "0.06634600",
        "qty": "0.73350000",
        "quoteQty": "0.04866479",
        "time": 1629986818525,
        "isBuyerMaker": false,
        "isBestMatch": true
    },
    {
        "id": 291506358,
        "price": "0.06634600",
        "qty": "0.00290000",
        "quoteQty": "0.00019240",
        "time": 1629986818695,
        "isBuyerMaker": true,
        "isBestMatch": true
    },
    {
        "id": 291506359,
        "price": "0.06634700",
        "qty": "0.00500000",
        "quoteQty": "0.00033173",
        "time": 1629986818778,
        "isBuyerMaker": false,
        "isBestMatch": true
    },
    {
        "id": 291506360,
        "price": "0.06634700",
        "qty": "1.55050000",
        "quoteQty": "0.10287102",
        "time": 1629986818778,
        "isBuyerMaker": false,
        "isBestMatch": true
    },
    {
        "id": 291506361,
        "price": "0.06634700",
        "qty": "0.00790000",
        "quoteQty": "0.00052414",
        "time": 1629986818855,
        "isBuyerMaker": true,
        "isBestMatch": true
    },
    {
        "id": 291506362,
        "price": "0.06634700",
        "qty": "0.00790000",
        "quoteQty": "0.00052414",
        "time": 1629986818904,
        "isBuyerMaker": true,
        "isBestMatch": true
    },
    {
        "id": 291506363,
        "price": "0.06634800",
        "qty": "0.04800000",
        "quoteQty": "0.00318470",
        "time": 1629986819112,
        "isBuyerMaker": false,
        "isBestMatch": true
    },
    {
        "id": 291506364,
        "price": "0.06634800",
        "qty": "0.02910000",
        "quoteQty": "0.00193072",
        "time": 1629986819124,
        "isBuyerMaker": false,
        "isBestMatch": true
    },
    {
        "id": 291506365,
        "price": "0.06634700",
        "qty": "0.01500000",
        "quoteQty": "0.00099520",
        "time": 1629986820548,
        "isBuyerMaker": true,
        "isBestMatch": true
    },
    {
        "id": 291506366,
        "price": "0.06634700",
        "qty": "0.39700000",
        "quoteQty": "0.02633975",
        "time": 1629986822051,
        "isBuyerMaker": true,
        "isBestMatch": true
    },
    {
        "id": 291506367,
        "price": "0.06634700",
        "qty": "0.83740000",
        "quoteQty": "0.05555897",
        "time": 1629986822107,
        "isBuyerMaker": true,
        "isBestMatch": true
    },
    {
        "id": 291506368,
        "price": "0.06634700",
        "qty": "1.63280000",
        "quoteQty": "0.10833138",
        "time": 1629986822107,
        "isBuyerMaker": true,
        "isBestMatch": true
    },
    {
        "id": 291506369,
        "price": "0.06634700",
        "qty": "0.50540000",
        "quoteQty": "0.03353177",
        "time": 1629986822161,
        "isBuyerMaker": true,
        "isBestMatch": true
    },
    {
        "id": 291506370,
        "price": "0.06634700",
        "qty": "1.82590000",
        "quoteQty": "0.12114298",
        "time": 1629986822247,
        "isBuyerMaker": true,
        "isBestMatch": true
    },
    {
        "id": 291506371,
        "price": "0.06634700",
        "qty": "0.12630000",
        "quoteQty": "0.00837962",
        "time": 1629986822341,
        "isBuyerMaker": true,
        "isBestMatch": true
    },
    {
        "id": 291506372,
        "price": "0.06634700",
        "qty": "0.06300000",
        "quoteQty": "0.00417986",
        "time": 1629986822396,
        "isBuyerMaker": true,
        "isBestMatch": true
    },
    {
        "id": 291506373,
        "price": "0.06634700",
        "qty": "0.03160000",
        "quoteQty": "0.00209656",
        "time": 1629986822443,
        "isBuyerMaker": true,
        "isBestMatch": true
    },
    {
        "id": 291506374,
        "price": "0.06634800",
        "qty": "1.49320000",
        "quoteQty": "0.09907083",
        "time": 1629986822600,
        "isBuyerMaker": false,
        "isBestMatch": true
    },
    {
        "id": 291506375,
        "price": "0.06634800",
        "qty": "0.55140000",
        "quoteQty": "0.03658428",
        "time": 1629986822600,
        "isBuyerMaker": false,
        "isBestMatch": true
    },
    {
        "id": 291506376,
        "price": "0.06635200",
        "qty": "1.59400000",
        "quoteQty": "0.10576508",
        "time": 1629986822887,
        "isBuyerMaker": false,
        "isBestMatch": true
    },
    {
        "id": 291506377,
        "price": "0.06635600",
        "qty": "0.50000000",
        "quoteQty": "0.03317800",
        "time": 1629986823999,
        "isBuyerMaker": true,
        "isBestMatch": true
    },
    {
        "id": 291506378,
        "price": "0.06635800",
        "qty": "0.00300000",
        "quoteQty": "0.00019907",
        "time": 1629986824876,
        "isBuyerMaker": true,
        "isBestMatch": true
    },
    {
        "id": 291506379,
        "price": "0.06636100",
        "qty": "0.11340000",
        "quoteQty": "0.00752533",
        "time": 1629986825169,
        "isBuyerMaker": true,
        "isBestMatch": true
    },
    {
        "id": 291506380,
        "price": "0.06636200",
        "qty": "2.56070000",
        "quoteQty": "0.16993317",
        "time": 1629986825217,
        "isBuyerMaker": false,
        "isBestMatch": true
    },
    {
        "id": 291506381,
        "price": "0.06636200",
        "qty": "0.06200000",
        "quoteQty": "0.00411444",
        "time": 1629986825236,
        "isBuyerMaker": false,
        "isBestMatch": true
    },
    {
        "id": 291506382,
        "price": "0.06636200",
        "qty": "0.06200000",
        "quoteQty": "0.00411444",
        "time": 1629986825281,
        "isBuyerMaker": false,
        "isBestMatch": true
    },
    {
        "id": 291506383,
        "price": "0.06636200",
        "qty": "0.48660000",
        "quoteQty": "0.03229174",
        "time": 1629986825384,
        "isBuyerMaker": false,
        "isBestMatch": true
    },
    {
        "id": 291506384,
        "price": "0.06636200",
        "qty": "0.10000000",
        "quoteQty": "0.00663620",
        "time": 1629986825483,
        "isBuyerMaker": false,
        "isBestMatch": true
    },
    {
        "id": 291506385,
        "price": "0.06636100",
        "qty": "0.01540000",
        "quoteQty": "0.00102195",
        "time": 1629986826117,
        "isBuyerMaker": true,
        "isBestMatch": true
    },
    {
        "id": 291506386,
        "price": "0.06636200",
        "qty": "0.01650000",
        "quoteQty": "0.00109497",
        "time": 1629986826483,
        "isBuyerMaker": false,
        "isBestMatch": true
    },
    {
        "id": 291506387,
        "price": "0.06636100",
        "qty": "0.02980000",
        "quoteQty": "0.00197755",
        "time": 1629986826642,
        "isBuyerMaker": true,
        "isBestMatch": true
    },
    {
        "id": 291506388,
        "price": "0.06635700",
        "qty": "0.01350000",
        "quoteQty": "0.00089581",
        "time": 1629986827148,
        "isBuyerMaker": true,
        "isBestMatch": true
    },
    {
        "id": 291506389,
        "price": "0.06635800",
        "qty": "0.30300000",
        "quoteQty": "0.02010647",
        "time": 1629986827438,
        "isBuyerMaker": false,
        "isBestMatch": true
    },
    {
        "id": 291506390,
        "price": "0.06635800",
        "qty": "2.92980000",
        "quoteQty": "0.19441566",
        "time": 1629986827484,
        "isBuyerMaker": false,
        "isBestMatch": true
    },
    {
        "id": 291506391,
        "price": "0.06635700",
        "qty": "0.04660000",
        "quoteQty": "0.00309223",
        "time": 1629986827895,
        "isBuyerMaker": true,
        "isBestMatch": true
    },
    {
        "id": 291506392,
        "price": "0.06635300",
        "qty": "0.10000000",
        "quoteQty": "0.00663530",
        "time": 1629986828629,
        "isBuyerMaker": false,
        "isBestMatch": true
    },
    {
        "id": 291506393,
        "price": "0.06635200",
        "qty": "0.35820000",
        "quoteQty": "0.02376728",
        "time": 1629986828665,
        "isBuyerMaker": true,
        "isBestMatch": true
    },
    {
        "id": 291506394,
        "price": "0.06635300",
        "qty": "0.00960000",
        "quoteQty": "0.00063698",
        "time": 1629986830199,
        "isBuyerMaker": true,
        "isBestMatch": true
    },
    {
        "id": 291506395,
        "price": "0.06635900",
        "qty": "0.17200000",
        "quoteQty": "0.01141374",
        "time": 1629986831177,
        "isBuyerMaker": false,
        "isBestMatch": true
    },
    {
        "id": 291506396,
        "price": "0.06635900",
        "qty": "0.17770000",
