[
    {
        "id": 69029639,
        "price": "76.98000000",
        "qty": "1.92600000",
        "quoteQty": "148.26348000",
        "time": 1629628894860,
        "isBuyerMaker": true,
        "isBestMatch": true
    },
    {
        "id": 69029640,
        "price": "76.98000000",
        "qty": "1.00000000",
        "quoteQty": "76.98000000",
        "time": 1629628895487,
        "isBuyerMaker": true,
        "isBestMatch": true
    },
    {
        "id": 69029641,
        "price": "76.98000000",
        "qty": "1.00000000",
        "quoteQty": "76.98000000",
        "time": 1629628895499,
        "isBuyerMaker": true,
        "isBestMatch": true
    },
    {
        "id": 69029642,
        "price": "76.98000000",
        "qty": "0.40000000",
        "quoteQty": "30.79200000",
        "time": 1629628895507,
        "isBuyerMaker": true,
        "isBestMatch": true
    },
    {
        "id": 69029643,
        "price": "76.97300000",
        "qty": "2.00000000",
        "quoteQty": "153.94600000",
        "time": 1629628896307,
        "isBuyerMaker": true,
        "isBestMatch": true
    },
    {
        "id": 69029644,
        "price": "76.97300000",
        "qty": "2.00000000",
        "quoteQty": "153.94600000",
        "time": 1629628896308,
        "isBuyerMaker": true,
        "isBestMatch": true
    },
    {
        "id": 69029645,
        "price": "76.97300000",
        "qty": "3.00000000",
        "quoteQty": "230.91900000",
        "time": 1629628896396,
        "isBuyerMaker": true,
        "isBestMatch": true
    },
    {
        "id": 69029646,
        "price": "76.97300000",
        "qty": "1.04000000",
        "quoteQty": "80.05192000",
        "time": 1629628896480,
        "isBuyerMaker": true,
        "isBestMatch": true
    },
    {
        "id": 69029647,
        "price": "76.97300000",
        "qty": "2.00000000",
        "quoteQty": "153.94600000",
        "time": 1629628897774,
        "isBuyerMaker": true,
        "isBestMatch": true
    },
    {
        "id": 69029648,
        "price": "76.97300000",
        "qty": "2.00000000",
        "quoteQty": "153.94600000",
        "time": 1629628897849,
        "isBuyerMaker": true,
        "isBestMatch": true
    },
    {
        "id": 69029649,
        "price": "76.97300000",
        "qty": "1.00000000",
        "quoteQty": "76.97300000",
        "time": 1629628897890,
        "isBuyerMaker": true,
        "isBestMatch": true
    },
    {
        "id": 69029650,
        "price": "76.97200000",
        "qty": "0.55700000",
        "quoteQty": "42.87340400",
        "time": 1629628897904,
        "isBuyerMaker": true,
        "isBestMatch": true
    },
    {
        "id": 69029651,
        "price": "76.96700000",
        "qty": "0.44300000",
        "quoteQty": "34.09638100",
        "time": 1629628897904,
        "isBuyerMaker": true,
        "isBestMatch": true
    },
    {
        "id": 69029652,
        "price": "76.96700000",
        "qty": "1.00000000",
        "quoteQty": "76.96700000",
        "time": 1629628898065,
        "isBuyerMaker": true,
        "isBestMatch": true
    },
    {
        "id": 69029653,
        "price": "76.97300000",
        "qty": "0.17200000",
        "quoteQty": "13.23935600",
        "time": 1629628898087,
        "isBuyerMaker": false,
        "isBestMatch": true
    },
    {
        "id": 69029654,
        "price": "76.98000000",
        "qty": "9.55600000",
        "quoteQty": "735.62088000",
        "time": 1629628898118,
        "isBuyerMaker": true,
        "isBestMatch": true
    },
    {
        "id": 69029655,
        "price": "76.96700000",
        "qty": "2.04500000",
        "quoteQty": "157.39751500",
        "time": 1629628898144,
        "isBuyerMaker": true,
        "isBestMatch": true
    },
    {
        "id": 69029656,
        "price": "76.96700000",
        "qty": "1.00000000",
        "quoteQty": "76.96700000",
        "time": 1629628898623,
        "isBuyerMaker": true,
        "isBestMatch": true
    },
    {
        "id": 69029657,
        "price": "76.96700000",
        "qty": "1.00000000",
        "quoteQty": "76.96700000",
        "time": 1629628898792,
        "isBuyerMaker": true,
        "isBestMatch": true
    },
    {
        "id": 69029658,
        "price": "76.96700000",
        "qty": "1.00000000",
        "quoteQty": "76.96700000",
        "time": 1629628899492,
        "isBuyerMaker": true,
        "isBestMatch": true
    },
    {
        "id": 69029659,
        "price": "76.97300000",
        "qty": "4.29600000",
        "quoteQty": "330.67600800",
        "time": 1629628899587,
        "isBuyerMaker": false,
        "isBestMatch": true
    },
    {
        "id": 69029660,
        "price": "76.98200000",
        "qty": "8.69400000",
        "quoteQty": "669.28150800",
        "time": 1629628899587,
        "isBuyerMaker": false,
        "isBestMatch": true
    },
    {
        "id": 69029661,
        "price": "76.96800000",
        "qty": "2.00000000",
        "quoteQty": "153.93600000",
        "time": 1629628899667,
        "isBuyerMaker": true,
        "isBestMatch": true
    },
    {
        "id": 69029662,
        "price": "76.96800000",
        "qty": "1.00000000",
        "quoteQty": "76.96800000",
        "time": 1629628899864,
        "isBuyerMaker": true,
        "isBestMatch": true
    },
    {
        "id": 69029663,
        "price": "76.98100000",
        "qty": "10.00000000",
        "quoteQty": "769.81000000",
        "time": 1629628899960,
        "isBuyerMaker": false,
        "isBestMatch": true
    },
    {
        "id": 69029664,
        "price": "76.98200000",
        "qty": "2.00600000",
        "quoteQty": "154.42589200",
        "time": 1629628899996,
        "isBuyerMaker": false,
        "isBestMatch": true
    },
    {
        "id": 69029665,
        "price": "76.96800000",
        "qty": "1.00000000",
        "quoteQty": "76.96800000",
        "time": 1629628899996,
        "isBuyerMaker": true,
        "isBestMatch": true
    },
    {
        "id": 69029666,
        "price": "76.98000000",
        "qty": "5.00000000",
        "quoteQty": "384.90000000",
        "time": 1629628900258,
        "isBuyerMaker": true,
        "isBestMatch": true
    },
    {
        "id": 69029667,
        "price": "76.97000000",
        "qty": "2.00000000",
        "quoteQty": "153.94000000",
        "time": 1629628901470,
        "isBuyerMaker": true,
        "isBestMatch": true
    },
    {
        "id": 69029668,
        "price": "76.96900000",
        "qty": "2.00000000",
        "quoteQty": "153.93800000",
        "time": 1629628901827,
        "isBuyerMaker": true,
        "isBestMatch": true
    },
    {
        "id": 69029669,
        "price": "76.98300000",
        "qty": "0.85000000",
        "quoteQty": "65.43555000",
        "time": 1629628902643,
        "isBuyerMaker": false,
        "isBestMatch": true
    },
    {
        "id": 69029670,
        "price": "76.98800000",
        "qty": "0.32600000",
        "quoteQty": "25.09808800",
        "time": 1629628902643,
        "isBuyerMaker": false,
        "isBestMatch": true
    },
    {
        "id": 69029671,
        "price": "76.99300000",
        "qty": "0.83500000",
        "quoteQty": "64.28915500",
        "time": 1629628902643,
        "isBuyerMaker": false,
        "isBestMatch": true
    },
    {
        "id": 69029672,
        "price": "76.96900000",
        "qty": "5.00000000",
        "quoteQty": "384.84500000",
        "time": 1629628903070,
        "isBuyerMaker": true,
        "isBestMatch": true
    },
    {
        "id": 69029673,
        "price": "76.97000000",
        "qty": "0.36300000",
        "quoteQty": "27.94011000",
        "time": 1629628903603,
        "isBuyerMaker": true,
        "isBestMatch": true
    },
    {
        "id": 69029674,
        "price": "76.97000000",
        "qty": "0.17100000",
        "quoteQty": "13.16187000",
        "time": 1629628904166,
        "isBuyerMaker": true,
        "isBestMatch": true
    },
    {
        "id": 69029675,
        "price": "76.97200000",
        "qty": "0.13600000",
        "quoteQty": "10.46819200",
        "time": 1629628904823,
        "isBuyerMaker": true,
        "isBestMatch": true
    },
    {
        "id": 69029676,
        "price": "76.97600000",
        "qty": "0.16700000",
        "quoteQty": "12.85499200",
        "time": 1629628906389,
        "isBuyerMaker": true,
        "isBestMatch": true
    },
    {
        "id": 69029677,
        "price": "76.96900000",
        "qty": "3.79700000",
        "quoteQty": "292.25129300",
        "time": 1629628906389,
        "isBuyerMaker": true,
        "isBestMatch": true
    },
    {
        "id": 69029678,
        "price": "76.97000000",
        "qty": "1.00000000",
        "quoteQty": "76.97000000",
        "time": 1629628906462,
        "isBuyerMaker": true,
        "isBestMatch": true
    },
    {
        "id": 69029679,
        "price": "76.97100000",
        "qty": "1.01300000",
        "quoteQty": "77.97162300",
        "time": 1629628906661,
        "isBuyerMaker": true,
        "isBestMatch": true
    },
    {
        "id": 69029680,
        "price": "76.99500000",
        "qty": "1.03900000",
        "quoteQty": "79.99780500",
        "time": 1629628907934,
        "isBuyerMaker": false,
        "isBestMatch": true
    },
    {
        "id": 69029681,
        "price": "76.99300000",
        "qty": "0.44000000",
        "quoteQty": "33.87692000",
        "time": 1629628908439,
        "isBuyerMaker": false,
        "isBestMatch": true
    },
    {
        "id": 69029682,
        "price": "76.96700000",
        "qty": "2.00000000",
        "quoteQty": "153.93400000",
        "time": 1629628908864,
        "isBuyerMaker": true,
        "isBestMatch": true
    },
    {
        "id": 69029683,
        "price": "76.96700000",
        "qty": "2.00000000",
        "quoteQty": "153.93400000",
        "time": 1629628909173,
        "isBuyerMaker": true,
        "isBestMatch": true
    },
    {
        "id": 69029684,
        "price": "76.96700000",
        "qty": "0.41500000",
        "quoteQty": "31.94130500",
        "time": 1629628909847,
        "isBuyerMaker": true,
        "isBestMatch": true
    },
    {
        "id": 69029685,
        "price": "76.96700000",
        "qty": "1.00000000",
        "quoteQty": "76.96700000",
        "time": 1629628910225,
        "isBuyerMaker": true,
        "isBestMatch": true
    },
    {
        "id": 69029686,
        "price": "76.96700000",
        "qty": "1.00000000",
        "quoteQty": "76.96700000",
        "time": 1629628910263,
        "isBuyerMaker": true,
        "isBestMatch": true
    },
    {
        "id": 69029687,
        "price": "76.96700000",
        "qty": "1.00000000",
        "quoteQty": "76.96700000",
        "time": 1629628910374,
        "isBuyerMaker": true,
        "isBestMatch": true
    },
    {
        "id": 69029688,
        "price": "76.96700000",
        "qty": "0.17100000",
        "quoteQty": "13.16135700",
        "time": 1629628910384,
        "isBuyerMaker": true,
        "isBestMatch": true
    },
    {
        "id": 69029689,
        "price": "76.97000000",
        "qty": "0.30000000",
        "quoteQty": "23.09100000",
        "time": 1629628910953,
        "isBuyerMaker": true,
        "isBestMatch": true
    },
    {
        "id": 69029690,
        "price": "76.97000000",
        "qty": "1.42200000",
        "quoteQty": "109.45134000",
        "time": 1629628911037,
        "isBuyerMaker": true,
        "isBestMatch": true
    },
    {
        "id": 69029691,
        "price": "76.96700000",
        "qty": "0.60100000",
        "quoteQty": "46.25716700",
        "time": 1629628911037,
        "isBuyerMaker": true,
        "isBestMatch": true
    },
    {
        "id": 69029692,
        "price": "76.97800000",
        "qty": "0.25000000",
        "quoteQty": "19.24450000",
        "time": 1629628914447,
        "isBuyerMaker": false,
        "isBestMatch": true
    },
    {
        "id": 69029693,
        "price": "76.96700000",
        "qty": "1.80000000",
        "quoteQty": "138.54060000",
        "time": 1629628915296,
        "isBuyerMaker": true,
        "isBestMatch": true
    },
    {
        "id": 69029694,
        "price": "76.96700000",
        "qty": "0.02900000",
        "quoteQty": "2.23204300",
        "time": 1629628915304,
        "isBuyerMaker": true,
        "isBestMatch": true
    },
    {
        "id": 69029695,
        "price": "76.96600000",
        "qty": "0.18600000",
        "quoteQty": "14.31567600",
        "time": 1629628915908,
        "isBuyerMaker": false,
        "isBestMatch": true
    },
    {
        "id": 69029696,
        "price": "76.96500000",
        "qty": "1.67200000",
        "quoteQty": "128.68548000",
        "time": 1629628916051,
        "isBuyerMaker": false,
        "isBestMatch": true
    },
    {
        "id": 69029697,
        "price": "76.96500000",
        "qty": "19.00000000",
        "quoteQty": "1462.33500000",
        "time": 1629628916519,
        "isBuyerMaker": false,
        "isBestMatch": true
    },
    {
        "id": 69029698,
        "price": "76.96100000",
        "qty": "0.17100000",
        "quoteQty": "13.16033100",
        "time": 1629628916559,
        "isBuyerMaker": true,
        "isBestMatch": true
    },
    {
        "id": 69029699,
        "price": "76.96000000",
        "qty": "1.19700000",
        "quoteQty": "92.12112000",
        "time": 1629628916737,
        "isBuyerMaker": true,
        "isBestMatch": true
    },
    {
        "id": 69029700,
        "price": "76.96300000",
        "qty": "1.49400000",
        "quoteQty": "114.98272200",
        "time": 1629628917001,
        "isBuyerMaker": true,
        "isBestMatch": true
    },
    {
        "id": 69029701,
        "price": "76.96200000",
        "qty": "54.76800000",
        "quoteQty": "4215.05481600",
        "time": 1629628917001,
        "isBuyerMaker": true,
        "isBestMatch": true
    },
    {
        "id": 69029702,
        "price": "76.96200000",
        "qty": "8.84500000",
        "quoteQty": "680.72889000",
        "time": 1629628917001,
        "isBuyerMaker": true,
        "isBestMatch": true
    },
    {
        "id": 69029703,
        "price": "76.96200000",
        "qty": "18.26600000",
        "quoteQty": "1405.78789200",
        "time": 1629628917001,
        "isBuyerMaker": true,
        "isBestMatch": true
    },
    {
        "id": 69029704,
        "price": "76.96200000",
        "qty": "11.25600000",
        "quoteQty": "866.28427200",
        "time": 1629628917002,
        "isBuyerMaker": true,
        "isBestMatch": true
    },
    {
        "id": 69029705,
        "price": "76.96200000",
        "qty": "59.71800000",
        "quoteQty": "4596.01671600",
        "time": 1629628917003,
        "isBuyerMaker": true,
        "isBestMatch": true
    },
    {
        "id": 69029706,
        "price": "76.95900000",
        "qty": "0.26000000",
        "quoteQty": "20.00934000",
        "time": 1629628917003,
        "isBuyerMaker": true,
        "isBestMatch": true
    },
    {
        "id": 69029707,
        "price": "76.95300000",
        "qty": "19.46700000",
        "quoteQty": "1498.04405100",
        "time": 1629628917003,
        "isBuyerMaker": true,
        "isBestMatch": true
    },
    {
        "id": 69029708,
        "price": "76.95200000",
        "qty": "14.08000000",
        "quoteQty": "1083.48416000",
        "time": 1629628917003,
        "isBuyerMaker": true,
        "isBestMatch": true
    },
    {
        "id": 69029709,
        "price": "76.95000000",
        "qty": "0.27300000",
        "quoteQty": "21.00735000",
        "time": 1629628917019,
        "isBuyerMaker": true,
        "isBestMatch": true
    },
    {
        "id": 69029710,
        "price": "76.94200000",
        "qty": "0.13000000",
        "quoteQty": "10.00246000",
        "time": 1629628917035,
        "isBuyerMaker": true,
        "isBestMatch": true
    },
    {
        "id": 69029711,
        "price": "76.93900000",
        "qty": "10.33300000",
        "quoteQty": "795.01068700",
        "time": 1629628917035,
        "isBuyerMaker": true,
        "isBestMatch": true
    },
    {
        "id": 69029712,
        "price": "76.93900000",
        "qty": "9.00000000",
        "quoteQty": "692.45100000",
        "time": 1629628917040,
        "isBuyerMaker": true,
        "isBestMatch": true
    },
    {
        "id": 69029713,
        "price": "76.93900000",
        "qty": "20.99000000",
        "quoteQty": "1614.94961000",
        "time": 1629628917045,
        "isBuyerMaker": true,
        "isBestMatch": true
    },
    {
        "id": 69029714,
        "price": "76.93900000",
        "qty": "16.49700000",
        "quoteQty": "1269.26268300",
        "time": 1629628917060,
        "isBuyerMaker": true,
        "isBestMatch": true
    },
    {
        "id": 69029715,
        "price": "76.93800000",
        "qty": "0.80000000",
        "quoteQty": "61.55040000",
        "time": 1629628917060,
        "isBuyerMaker": true,
        "isBestMatch": true
    },
    {
        "id": 69029716,
        "price": "76.93800000",
        "qty": "0.26400000",
        "quoteQty": "20.31163200",
        "time": 1629628917060,
        "isBuyerMaker": true,
        "isBestMatch": true
    },
    {
        "id": 69029717,
        "price": "76.93500000",
        "qty": "10.39800000",
        "quoteQty": "799.97013000",
        "time": 1629628917136,
        "isBuyerMaker": true,
        "isBestMatch": true
    },
    {
        "id": 69029718,
        "price": "76.93500000",
        "qty": "0.66300000",
        "quoteQty": "51.00790500",
        "time": 1629628917137,
        "isBuyerMaker": true,
        "isBestMatch": true
    },
    {
        "id": 69029719,
        "price": "76.93400000",
        "qty": "3.90000000",
        "quoteQty": "300.04260000",
        "time": 1629628917144,
        "isBuyerMaker": true,
        "isBestMatch": true
    },
    {
        "id": 69029720,
        "price": "76.93400000",
        "qty": "4.46400000",
        "quoteQty": "343.43337600",
        "time": 1629628917152,
        "isBuyerMaker": true,
        "isBestMatch": true
    },
    {
        "id": 69029721,
        "price": "76.93400000",
        "qty": "2.03400000",
        "quoteQty": "156.48375600",
        "time": 1629628917155,
        "isBuyerMaker": true,
        "isBestMatch": true
    },
    {
        "id": 69029722,
        "price": "76.92700000",
        "qty": "0.32500000",
        "quoteQty": "25.00127500",
        "time": 1629628917192,
        "isBuyerMaker": true,
        "isBestMatch": true
    },
    {
        "id": 69029723,
        "price": "76.92600000",
        "qty": "0.28300000",
        "quoteQty": "21.77005800",
        "time": 1629628917192,
        "isBuyerMaker": true,
        "isBestMatch": true
    },
    {
        "id": 69029724,
        "price": "76.92500000",
        "qty": "0.39200000",
        "quoteQty": "30.15460000",
        "time": 1629628917192,
        "isBuyerMaker": true,
        "isBestMatch": true
    },
    {
        "id": 69029725,
        "price": "76.92500000",
        "qty": "0.03600000",
        "quoteQty": "2.76930000",
        "time": 1629628918127,
        "isBuyerMaker": true,
        "isBestMatch": true
    },
    {
        "id": 69029726,
        "price": "76.93400000",
        "qty": "0.31000000",
        "quoteQty": "23.84954000",
        "time": 1629628918426,
        "isBuyerMaker": false,
        "isBestMatch": true
    },
    {
        "id": 69029727,
        "price": "76.91900000",
        "qty": "0.31000000",
        "quoteQty": "23.84489000",
        "time": 1629628919403,
        "isBuyerMaker": true,
        "isBestMatch": true
    },
    {
        "id": 69029728,
        "price": "76.91800000",
        "qty": "0.30300000",
        "quoteQty": "23.30615400",
        "time": 1629628919403,
        "isBuyerMaker": true,
        "isBestMatch": true
    },
    {
        "id": 69029729,
        "price": "76.91700000",
        "qty": "0.26100000",
        "quoteQty": "20.07533700",
        "time": 1629628919403,
        "isBuyerMaker": true,
        "isBestMatch": true
    },
    {
        "id": 69029730,
        "price": "76.91400000",
        "qty": "0.34700000",
        "quoteQty": "26.68915800",
        "time": 1629628919403,
        "isBuyerMaker": true,
        "isBestMatch": true
    },
    {
        "id": 69029731,
        "price": "76.91100000",
        "qty": "0.15700000",
        "quoteQty": "12.07502700",
        "time": 1629628919403,
        "isBuyerMaker": true,
        "isBestMatch": true
    },
    {
        "id": 69029732,
        "price": "76.91000000",
        "qty": "0.26400000",
        "quoteQty": "20.30424000",
        "time": 1629628919403,
        "isBuyerMaker": true,
        "isBestMatch": true
    },
    {
        "id": 69029733,
        "price": "76.91000000",
        "qty": "0.26000000",
        "quoteQty": "19.99660000",
        "time": 1629628919403,
        "isBuyerMaker": true,
        "isBestMatch": true
    },
    {
        "id": 69029734,
        "price": "76.90800000",
        "qty": "0.40800000",
        "quoteQty": "31.37846400",
        "time": 1629628919403,
        "isBuyerMaker": true,
        "isBestMatch": true
    },
    {
        "id": 69029735,
        "price": "76.90800000",
        "qty": "0.00100000",
        "quoteQty": "0.07690800",
        "time": 1629628919456,
        "isBuyerMaker": true,
        "isBestMatch": true
    },
    {
        "id": 69029736,
        "price": "76.90700000",
        "qty": "0.37800000",
        "quoteQty": "29.07084600",
        "time": 1629628919456,
        "isBuyerMaker": true,
        "isBestMatch": true
    },
    {
        "id": 69029737,
        "price": "76.90600000",
        "qty": "0.39900000",
        "quoteQty": "30.68549400",
        "time": 1629628919456,
        "isBuyerMaker": true,
        "isBestMatch": true
    },
    {
        "id": 69029738,
        "price": "76.90400000",
        "qty": "0.14300000",
        "quoteQty": "10.99727200",
        "time": 1629628919456,
        "isBuyerMaker": true,
        "isBestMatch": true
    },
    {
        "id": 69029739,
        "price": "76.90000000",
        "qty": "0.50000000",
        "quoteQty": "38.45000000",
        "time": 1629628919456,
        "isBuyerMaker": true,
        "isBestMatch": true
    },
    {
        "id": 69029740,
        "price": "76.89800000",
        "qty": "0.44500000",
        "quoteQty": "34.21961000",
        "time": 1629628919769,
        "isBuyerMaker": true,
        "isBestMatch": true
    },
    {
        "id": 69029741,
        "price": "76.89700000",
        "qty": "0.30400000",
        "quoteQty": "23.37668800",
        "time": 1629628919769,
        "isBuyerMaker": true,
        "isBestMatch": true
    },
    {
        "id": 69029742,
        "price": "76.89700000",
        "qty": "9.58600000",
        "quoteQty": "737.13464200",
        "time": 1629628919769,
        "isBuyerMaker": true,
        "isBestMatch": true
    },
    {
        "id": 69029743,
        "price": "76.89700000",
        "qty": "2.00000000",
        "quoteQty": "153.79400000",
        "time": 1629628919823,
        "isBuyerMaker": true,
        "isBestMatch": true
    },
    {
        "id": 69029744,
        "price": "76.89700000",
        "qty": "1.00000000",
        "quoteQty": "76.89700000",
        "time": 1629628919869,
        "isBuyerMaker": true,
        "isBestMatch": true
    },
    {
        "id": 69029745,
        "price": "76.89700000",
        "qty": "6.40000000",
        "quoteQty": "492.14080000",
        "time": 1629628919910,
        "isBuyerMaker": true,
        "isBestMatch": true
    },
    {
        "id": 69029746,
        "price": "76.89200000",
        "qty": "0.19100000",
        "quoteQty": "14.68637200",
        "time": 1629628920113,
        "isBuyerMaker": true,
        "isBestMatch": true
    },
    {
        "id": 69029747,
        "price": "76.89100000",
        "qty": "0.27500000",
        "quoteQty": "21.14502500",
        "time": 1629628920113,
        "isBuyerMaker": true,
        "isBestMatch": true
    },
    {
        "id": 69029748,
        "price": "76.89000000",
        "qty": "0.21700000",
        "quoteQty": "16.68513000",
        "time": 1629628920113,
        "isBuyerMaker": true,
        "isBestMatch": true
    },
    {
        "id": 69029749,
        "price": "76.88800000",
        "qty": "0.43300000",
        "quoteQty": "33.29250400",
        "time": 1629628920113,
        "isBuyerMaker": true,
        "isBestMatch": true
    },
    {
        "id": 69029750,
        "price": "76.88800000",
        "qty": "2.65500000",
        "quoteQty": "204.13764000",
        "time": 1629628920113,
        "isBuyerMaker": true,
        "isBestMatch": true
    },
    {
        "id": 69029751,
        "price": "76.88700000",
        "qty": "0.08300000",
        "quoteQty": "6.38162100",
        "time": 1629628920113,
        "isBuyerMaker": true,
        "isBestMatch": true
    },
    {
        "id": 69029752,
        "price": "76.89800000",
        "qty": "3.17000000",
        "quoteQty": "243.76666000",
        "time": 1629628920454,
        "isBuyerMaker": false,
        "isBestMatch": true
    },
    {
        "id": 69029753,
        "price": "76.89800000",
        "qty": "4.36000000",
        "quoteQty": "335.27528000",
        "time": 1629628922186,
        "isBuyerMaker": false,
        "isBestMatch": true
    },
    {
        "id": 69029754,
        "price": "76.89800000",
        "qty": "8.20600000",
        "quoteQty": "631.02498800",
        "time": 1629628922352,
        "isBuyerMaker": false,
        "isBestMatch": true
    },
    {
        "id": 69029755,
        "price": "76.89800000",
        "qty": "2.49400000",
        "quoteQty": "191.78361200",
        "time": 1629628922734,
        "isBuyerMaker": false,
        "isBestMatch": true
    },
    {
        "id": 69029756,
        "price": "76.88700000",
        "qty": "0.17100000",
        "quoteQty": "13.14767700",
        "time": 1629628922762,
        "isBuyerMaker": true,
        "isBestMatch": true
    },
    {
        "id": 69029757,
        "price": "76.88700000",
        "qty": "0.00600000",
        "quoteQty": "0.46132200",
        "time": 1629628923394,
        "isBuyerMaker": true,
        "isBestMatch": true
    },
    {
        "id": 69029758,
        "price": "76.88100000",
        "qty": "0.36200000",
        "quoteQty": "27.83092200",
        "time": 1629628923394,
        "isBuyerMaker": true,
        "isBestMatch": true
    },
    {
        "id": 69029759,
        "price": "76.87700000",
        "qty": "3.91800000",
        "quoteQty": "301.20408600",
        "time": 1629628923394,
        "isBuyerMaker": true,
        "isBestMatch": true
    },
    {
        "id": 69029760,
        "price": "76.89600000",
        "qty": "6.49300000",
        "quoteQty": "499.28572800",
        "time": 1629628924251,
        "isBuyerMaker": false,
        "isBestMatch": true
    },
    {
        "id": 69029761,
        "price": "76.89600000",
        "qty": "0.13600000",
        "quoteQty": "10.45785600",
        "time": 1629628924962,
        "isBuyerMaker": false,
        "isBestMatch": true
    },
    {
        "id": 69029762,
        "price": "76.87600000",
        "qty": "0.28400000",
        "quoteQty": "21.83278400",
        "time": 1629628925032,
        "isBuyerMaker": true,
        "isBestMatch": true
    },
    {
        "id": 69029763,
        "price": "76.87500000",
        "qty": "0.26000000",
        "quoteQty": "19.98750000",
        "time": 1629628925310,
        "isBuyerMaker": true,
        "isBestMatch": true
    },
    {
        "id": 69029764,
        "price": "76.87400000",
        "qty": "8.00000000",
        "quoteQty": "614.99200000",
        "time": 1629628925310,
        "isBuyerMaker": true,
        "isBestMatch": true
    },
    {
        "id": 69029765,
        "price": "76.87300000",
        "qty": "32.46800000",
        "quoteQty": "2495.91256400",
        "time": 1629628925310,
        "isBuyerMaker": true,
        "isBestMatch": true
    },
    {
        "id": 69029766,
        "price": "76.86800000",
        "qty": "21.22500000",
        "quoteQty": "1631.52330000",
        "time": 1629628925331,
        "isBuyerMaker": true,
        "isBestMatch": true
    },
    {
        "id": 69029767,
        "price": "76.86400000",
        "qty": "2.05800000",
        "quoteQty": "158.18611200",
        "time": 1629628925331,
        "isBuyerMaker": true,
        "isBestMatch": true
    },
    {
        "id": 69029768,
        "price": "76.86200000",
        "qty": "0.26300000",
        "quoteQty": "20.21470600",
        "time": 1629628925331,
        "isBuyerMaker": true,
        "isBestMatch": true
    },
    {
        "id": 69029769,
        "price": "76.86100000",
        "qty": "0.39300000",
        "quoteQty": "30.20637300",
        "time": 1629628925331,
        "isBuyerMaker": true,
        "isBestMatch": true
    },
    {
        "id": 69029770,
        "price": "76.85900000",
        "qty": "16.78900000",
        "quoteQty": "1290.38575100",
        "time": 1629628925331,
        "isBuyerMaker": true,
        "isBestMatch": true
    },
    {
        "id": 69029771,
        "price": "76.85900000",
        "qty": "19.60300000",
        "quoteQty": "1506.66697700",
        "time": 1629628925363,
        "isBuyerMaker": true,
        "isBestMatch": true
    },
    {
        "id": 69029772,
        "price": "76.85700000",
        "qty": "0.15000000",
        "quoteQty": "11.52855000",
        "time": 1629628925363,
        "isBuyerMaker": true,
        "isBestMatch": true
    },
    {
        "id": 69029773,
        "price": "76.85500000",
        "qty": "0.25700000",
        "quoteQty": "19.75173500",
        "time": 1629628925363,
        "isBuyerMaker": true,
        "isBestMatch": true
    },
    {
        "id": 69029774,
        "price": "76.85100000",
        "qty": "5.68000000",
        "quoteQty": "436.51368000",
        "time": 1629628925363,
        "isBuyerMaker": true,
        "isBestMatch": true
    },
    {
        "id": 69029775,
        "price": "76.84700000",
        "qty": "0.26200000",
        "quoteQty": "20.13391400",
        "time": 1629628925756,
        "isBuyerMaker": true,
        "isBestMatch": true
    },
    {
        "id": 69029776,
        "price": "76.84500000",
        "qty": "1.73800000",
        "quoteQty": "133.55661000",
        "time": 1629628925756,
        "isBuyerMaker": true,
        "isBestMatch": true
    },
    {
        "id": 69029777,
        "price": "76.84500000",
        "qty": "0.86500000",
        "quoteQty": "66.47092500",
        "time": 1629628925756,
        "isBuyerMaker": true,
        "isBestMatch": true
    },
    {
        "id": 69029778,
        "price": "76.84500000",
        "qty": "1.85800000",
        "quoteQty": "142.77801000",
        "time": 1629628925756,
        "isBuyerMaker": true,
        "isBestMatch": true
    },
    {
        "id": 69029779,
        "price": "76.86400000",
        "qty": "5.32600000",
        "quoteQty": "409.37766400",
        "time": 1629628926459,
        "isBuyerMaker": false,
        "isBestMatch": true
    },
    {
        "id": 69029780,
        "price": "76.84500000",
        "qty": "0.74500000",
        "quoteQty": "57.24952500",
        "time": 1629628926491,
        "isBuyerMaker": true,
        "isBestMatch": true
    },
    {
        "id": 69029781,
        "price": "76.84500000",
        "qty": "0.25500000",
        "quoteQty": "19.59547500",
        "time": 1629628926491,
        "isBuyerMaker": true,
        "isBestMatch": true
    },
    {
        "id": 69029782,
        "price": "76.86400000",
        "qty": "17.00200000",
        "quoteQty": "1306.84172800",
        "time": 1629628926674,
        "isBuyerMaker": false,
        "isBestMatch": true
    },
    {
        "id": 69029783,
        "price": "76.86700000",
        "qty": "7.99200000",
        "quoteQty": "614.32106400",
        "time": 1629628926674,
        "isBuyerMaker": false,
        "isBestMatch": true
    },
    {
        "id": 69029784,
        "price": "76.86700000",
        "qty": "0.23700000",
        "quoteQty": "18.21747900",
        "time": 1629628926686,
        "isBuyerMaker": false,
        "isBestMatch": true
    },
    {
        "id": 69029785,
        "price": "76.86600000",
        "qty": "0.34100000",
        "quoteQty": "26.21130600",
        "time": 1629628927005,
        "isBuyerMaker": false,
        "isBestMatch": true
    },
    {
        "id": 69029786,
        "price": "76.86600000",
        "qty": "0.16900000",
        "quoteQty": "12.99035400",
        "time": 1629628927078,
        "isBuyerMaker": false,
        "isBestMatch": true
    },
    {
        "id": 69029787,
        "price": "76.84600000",
        "qty": "0.32500000",
        "quoteQty": "24.97495000",
        "time": 1629628928934,
        "isBuyerMaker": true,
        "isBestMatch": true
    },
    {
        "id": 69029788,
        "price": "76.84500000",
        "qty": "0.01700000",
        "quoteQty": "1.30636500",
        "time": 1629628928934,
        "isBuyerMaker": true,
        "isBestMatch": true
    },
    {
        "id": 69029789,
        "price": "76.84600000",
        "qty": "2.14700000",
        "quoteQty": "164.98836200",
        "time": 1629628929606,
        "isBuyerMaker": false,
        "isBestMatch": true
    },
    {
        "id": 69029790,
        "price": "76.84600000",
        "qty": "1.00000000",
        "quoteQty": "76.84600000",
        "time": 1629628929993,
        "isBuyerMaker": true,
        "isBestMatch": true
    },
    {
        "id": 69029791,
        "price": "76.84600000",
        "qty": "1.00000000",
        "quoteQty": "76.84600000",
        "time": 1629628930112,
        "isBuyerMaker": true,
        "isBestMatch": true
    },
    {
        "id": 69029792,
        "price": "76.84600000",
        "qty": "3.00000000",
        "quoteQty": "230.53800000",
        "time": 1629628930227,
        "isBuyerMaker": true,
        "isBestMatch": true
    },
    {
        "id": 69029793,
        "price": "76.84600000",
        "qty": "3.00000000",
        "quoteQty": "230.53800000",
        "time": 1629628930263,
        "isBuyerMaker": true,
        "isBestMatch": true
    },
    {
        "id": 69029794,
        "price": "76.84600000",
        "qty": "3.00000000",
        "quoteQty": "230.53800000",
        "time": 1629628930270,
        "isBuyerMaker": true,
        "isBestMatch": true
    },
    {
        "id": 69029795,
        "price": "76.84600000",
        "qty": "3.00000000",
        "quoteQty": "230.53800000",
        "time": 1629628930311,
        "isBuyerMaker": true,
        "isBestMatch": true
    },
    {
        "id": 69029796,
        "price": "76.84600000",
        "qty": "1.00000000",
        "quoteQty": "76.84600000",
        "time": 1629628930374,
        "isBuyerMaker": true,
        "isBestMatch": true
    },
    {
        "id": 69029797,
        "price": "76.85700000",
        "qty": "6.73800000",
        "quoteQty": "517.86246600",
        "time": 1629628930477,
        "isBuyerMaker": true,
        "isBestMatch": true
    },
    {
        "id": 69029798,
        "price": "76.87600000",
        "qty": "0.13100000",
        "quoteQty": "10.07075600",
        "time": 1629628931670,
        "isBuyerMaker": false,
        "isBestMatch": true
    },
    {
        "id": 69029799,
        "price": "76.86900000",
        "qty": "2.00000000",
        "quoteQty": "153.73800000",
        "time": 1629628932069,
        "isBuyerMaker": true,
        "isBestMatch": true
    },
    {
        "id": 69029800,
        "price": "76.87700000",
        "qty": "0.18300000",
        "quoteQty": "14.06849100",
        "time": 1629628932435,
        "isBuyerMaker": false,
        "isBestMatch": true
    },
    {
        "id": 69029801,
        "price": "76.88700000",
        "qty": "0.06700000",
        "quoteQty": "5.15142900",
        "time": 1629628932435,
        "isBuyerMaker": false,
        "isBestMatch": true
    },
    {
        "id": 69029802,
        "price": "76.88700000",
        "qty": "0.21700000",
        "quoteQty": "16.68447900",
        "time": 1629628933405,
        "isBuyerMaker": false,
        "isBestMatch": true
    },
    {
        "id": 69029803,
        "price": "76.89800000",
        "qty": "1.04700000",
        "quoteQty": "80.51220600",
        "time": 1629628934031,
        "isBuyerMaker": false,
        "isBestMatch": true
    },
    {
        "id": 69029804,
        "price": "76.89900000",
        "qty": "0.83900000",
        "quoteQty": "64.51826100",
        "time": 1629628934031,
        "isBuyerMaker": false,
        "isBestMatch": true
    },
    {
        "id": 69029805,
        "price": "76.88900000",
        "qty": "6.81300000",
        "quoteQty": "523.84475700",
        "time": 1629628934281,
        "isBuyerMaker": true,
        "isBestMatch": true
    },
    {
        "id": 69029806,
        "price": "76.92400000",
        "qty": "1.00000000",
        "quoteQty": "76.92400000",
        "time": 1629628934624,
        "isBuyerMaker": true,
        "isBestMatch": true
    },
    {
        "id": 69029807,
        "price": "76.92400000",
        "qty": "1.00000000",
        "quoteQty": "76.92400000",
        "time": 1629628934662,
        "isBuyerMaker": true,
        "isBestMatch": true
    },
    {
        "id": 69029808,
        "price": "76.92400000",
        "qty": "1.00000000",
        "quoteQty": "76.92400000",
        "time": 1629628934695,
        "isBuyerMaker": true,
        "isBestMatch": true
    },
    {
        "id": 69029809,
        "price": "76.92400000",
        "qty": "6.15000000",
        "quoteQty": "473.08260000",
        "time": 1629628935084,
        "isBuyerMaker": true,
        "isBestMatch": true
    },
    {
        "id": 69029810,
        "price": "76.92400000",
        "qty": "0.13600000",
        "quoteQty": "10.46166400",
        "time": 1629628935111,
        "isBuyerMaker": true,
        "isBestMatch": true
    },
    {
        "id": 69029811,
        "price": "76.92300000",
        "qty": "9.80000000",
        "quoteQty": "753.84540000",
        "time": 1629628935209,
        "isBuyerMaker": true,
        "isBestMatch": true
    },
    {
        "id": 69029812,
        "price": "76.92300000",
        "qty": "2.00000000",
        "quoteQty": "153.84600000",
        "time": 1629628935376,
        "isBuyerMaker": true,
        "isBestMatch": true
    },
    {
        "id": 69029813,
        "price": "76.92300000",
        "qty": "22.33800000",
        "quoteQty": "1718.30597400",
        "time": 1629628935407,
        "isBuyerMaker": true,
        "isBestMatch": true
    },
    {
        "id": 69029814,
        "price": "76.92300000",
        "qty": "2.25400000",
        "quoteQty": "173.38444200",
        "time": 1629628935455,
        "isBuyerMaker": true,
        "isBestMatch": true
    },
    {
        "id": 69029815,
        "price": "76.89100000",
        "qty": "6.72200000",
        "quoteQty": "516.86130200",
        "time": 1629628935455,
        "isBuyerMaker": true,
        "isBestMatch": true
    },
    {
        "id": 69029816,
        "price": "76.89100000",
        "qty": "6.88800000",
        "quoteQty": "529.62520800",
        "time": 1629628935455,
        "isBuyerMaker": true,
        "isBestMatch": true
    },
    {
        "id": 69029817,
        "price": "76.88200000",
        "qty": "19.91700000",
        "quoteQty": "1531.25879400",
        "time": 1629628936442,
        "isBuyerMaker": true,
        "isBestMatch": true
    },
    {
        "id": 69029818,
        "price": "76.88400000",
        "qty": "0.14400000",
        "quoteQty": "11.07129600",
        "time": 1629628937048,
        "isBuyerMaker": true,
        "isBestMatch": true
    },
    {
        "id": 69029819,
        "price": "76.92200000",
        "qty": "1.40000000",
        "quoteQty": "107.69080000",
        "time": 1629628938426,
        "isBuyerMaker": false,
        "isBestMatch": true
    },
    {
        "id": 69029820,
        "price": "76.92200000",
        "qty": "0.84200000",
        "quoteQty": "64.76832400",
        "time": 1629628938748,
        "isBuyerMaker": false,
        "isBestMatch": true
    },
    {
        "id": 69029821,
        "price": "76.89300000",
        "qty": "0.44200000",
        "quoteQty": "33.98670600",
        "time": 1629628940333,
        "isBuyerMaker": true,
        "isBestMatch": true
    },
    {
        "id": 69029822,
        "price": "76.89300000",
        "qty": "0.26000000",
        "quoteQty": "19.99218000",
        "time": 1629628940488,
        "isBuyerMaker": true,
        "isBestMatch": true
    },
    {
        "id": 69029823,
        "price": "76.89300000",
        "qty": "0.50000000",
        "quoteQty": "38.44650000",
        "time": 1629628940724,
        "isBuyerMaker": true,
        "isBestMatch": true
    },
    {
        "id": 69029824,
        "price": "76.90000000",
        "qty": "8.99100000",
        "quoteQty": "691.40790000",
        "time": 1629628941015,
        "isBuyerMaker": false,
        "isBestMatch": true
    },
    {
        "id": 69029825,
        "price": "76.89500000",
        "qty": "0.85900000",
        "quoteQty": "66.05280500",
        "time": 1629628941134,
        "isBuyerMaker": true,
        "isBestMatch": true
    },
    {
        "id": 69029826,
        "price": "76.89500000",
        "qty": "0.17100000",
        "quoteQty": "13.14904500",
        "time": 1629628941305,
        "isBuyerMaker": true,
        "isBestMatch": true
    },
    {
        "id": 69029827,
        "price": "76.89500000",
        "qty": "4.30500000",
        "quoteQty": "331.03297500",
        "time": 1629628941976,
        "isBuyerMaker": true,
        "isBestMatch": true
    },
    {
        "id": 69029828,
        "price": "76.93100000",
        "qty": "0.28100000",
        "quoteQty": "21.61761100",
        "time": 1629628942300,
        "isBuyerMaker": false,
        "isBestMatch": true
    },
    {
        "id": 69029829,
        "price": "76.89600000",
        "qty": "0.28600000",
        "quoteQty": "21.99225600",
        "time": 1629628943725,
        "isBuyerMaker": true,
        "isBestMatch": true
    },
    {
        "id": 69029830,
        "price": "76.89600000",
        "qty": "0.60600000",
        "quoteQty": "46.59897600",
        "time": 1629628943725,
        "isBuyerMaker": true,
        "isBestMatch": true
    },
    {
        "id": 69029831,
        "price": "76.92700000",
        "qty": "0.16000000",
        "quoteQty": "12.30832000",
        "time": 1629628944478,
        "isBuyerMaker": false,
        "isBestMatch": true
    },
    {
        "id": 69029832,
        "price": "76.92700000",
        "qty": "21.87600000",
        "quoteQty": "1682.85505200",
        "time": 1629628945034,
        "isBuyerMaker": false,
        "isBestMatch": true
    },
    {
        "id": 69029833,
        "price": "76.92800000",
        "qty": "3.45800000",
        "quoteQty": "266.01702400",
        "time": 1629628945034,
        "isBuyerMaker": false,
        "isBestMatch": true
    },
    {
        "id": 69029834,
        "price": "76.92200000",
        "qty": "0.97400000",
        "quoteQty": "74.92202800",
        "time": 1629628946872,
        "isBuyerMaker": true,
        "isBestMatch": true
    },
    {
        "id": 69029835,
        "price": "76.92200000",
        "qty": "8.80000000",
        "quoteQty": "676.91360000",
        "time": 1629628946904,
        "isBuyerMaker": true,
        "isBestMatch": true
    },
    {
        "id": 69029836,
        "price": "76.96700000",
        "qty": "0.66000000",
        "quoteQty": "50.79822000",
        "time": 1629628947035,
        "isBuyerMaker": false,
        "isBestMatch": true
    },
    {
        "id": 69029837,
        "price": "76.97200000",
        "qty": "1.14100000",
        "quoteQty": "87.82505200",
        "time": 1629628947035,
        "isBuyerMaker": false,
        "isBestMatch": true
    },
    {
        "id": 69029838,
        "price": "76.97200000",
        "qty": "12.99300000",
        "quoteQty": "1000.09719600",
        "time": 1629628947035,
        "isBuyerMaker": false,
        "isBestMatch": true
    },
    {
        "id": 69029839,
        "price": "76.97900000",
        "qty": "10.53900000",
        "quoteQty": "811.28168100",
        "time": 1629628947035,
        "isBuyerMaker": false,
        "isBestMatch": true
    },
    {
        "id": 69029840,
        "price": "76.95700000",
        "qty": "0.20600000",
        "quoteQty": "15.85314200",
        "time": 1629628947510,
        "isBuyerMaker": true,
        "isBestMatch": true
    },
    {
        "id": 69029841,
        "price": "76.96800000",
        "qty": "12.99300000",
        "quoteQty": "1000.04522400",
        "time": 1629628948034,
        "isBuyerMaker": false,
        "isBestMatch": true
    },
    {
        "id": 69029842,
        "price": "76.96900000",
        "qty": "11.73400000",
        "quoteQty": "903.15424600",
        "time": 1629628948034,
        "isBuyerMaker": false,
        "isBestMatch": true
    },
    {
        "id": 69029843,
        "price": "76.94300000",
        "qty": "2.15100000",
        "quoteQty": "165.50439300",
        "time": 1629628948177,
        "isBuyerMaker": true,
        "isBestMatch": true
    },
    {
        "id": 69029844,
        "price": "76.97400000",
        "qty": "0.50000000",
        "quoteQty": "38.48700000",
        "time": 1629628950657,
        "isBuyerMaker": false,
        "isBestMatch": true
    },
    {
        "id": 69029845,
        "price": "76.97400000",
        "qty": "0.19400000",
        "quoteQty": "14.93295600",
        "time": 1629628950931,
        "isBuyerMaker": false,
        "isBestMatch": true
    },
    {
        "id": 69029846,
        "price": "76.97400000",
        "qty": "5.91000000",
        "quoteQty": "454.91634000",
        "time": 1629628951319,
        "isBuyerMaker": false,
        "isBestMatch": true
    },
    {
        "id": 69029847,
        "price": "76.97900000",
        "qty": "1.71600000",
        "quoteQty": "132.09596400",
        "time": 1629628951319,
        "isBuyerMaker": false,
        "isBestMatch": true
    },
    {
        "id": 69029848,
        "price": "76.95100000",
        "qty": "1.00000000",
        "quoteQty": "76.95100000",
        "time": 1629628951992,
        "isBuyerMaker": true,
        "isBestMatch": true
    },
    {
        "id": 69029849,
        "price": "76.94900000",
        "qty": "3.00000000",
        "quoteQty": "230.84700000",
        "time": 1629628952063,
        "isBuyerMaker": true,
        "isBestMatch": true
    },
    {
        "id": 69029850,
        "price": "76.94900000",
        "qty": "3.00000000",
        "quoteQty": "230.84700000",
        "time": 1629628952078,
        "isBuyerMaker": true,
        "isBestMatch": true
    },
    {
        "id": 69029851,
        "price": "76.94900000",
        "qty": "0.34800000",
        "quoteQty": "26.77825200",
        "time": 1629628952687,
        "isBuyerMaker": true,
        "isBestMatch": true
    },
    {
        "id": 69029852,
        "price": "76.96900000",
        "qty": "6.49700000",
        "quoteQty": "500.06759300",
        "time": 1629628952827,
        "isBuyerMaker": false,
        "isBestMatch": true
    },
    {
        "id": 69029853,
        "price": "76.94900000",
        "qty": "2.00000000",
        "quoteQty": "153.89800000",
        "time": 1629628953034,
        "isBuyerMaker": true,
        "isBestMatch": true
    },
    {
        "id": 69029854,
        "price": "76.94900000",
        "qty": "2.00000000",
        "quoteQty": "153.89800000",
        "time": 1629628953270,
        "isBuyerMaker": true,
        "isBestMatch": true
    },
    {
        "id": 69029855,
        "price": "76.96300000",
        "qty": "0.32400000",
        "quoteQty": "24.93601200",
        "time": 1629628953465,
        "isBuyerMaker": false,
        "isBestMatch": true
    },
    {
        "id": 69029856,
        "price": "76.94900000",
        "qty": "0.20600000",
        "quoteQty": "15.85149400",
        "time": 1629628953670,
        "isBuyerMaker": true,
        "isBestMatch": true
    },
    {
        "id": 69029857,
        "price": "76.94900000",
        "qty": "1.00000000",
        "quoteQty": "76.94900000",
        "time": 1629628954066,
        "isBuyerMaker": true,
        "isBestMatch": true
    },
    {
        "id": 69029858,
        "price": "76.95800000",
        "qty": "2.57300000",
        "quoteQty": "198.01293400",
        "time": 1629628954118,
        "isBuyerMaker": false,
        "isBestMatch": true
    },
    {
        "id": 69029859,
        "price": "76.96500000",
        "qty": "2.78400000",
        "quoteQty": "214.27056000",
        "time": 1629628954278,
        "isBuyerMaker": false,
        "isBestMatch": true
    },
    {
        "id": 69029860,
        "price": "76.94900000",
        "qty": "2.15400000",
        "quoteQty": "165.74814600",
        "time": 1629628954373,
        "isBuyerMaker": true,
        "isBestMatch": true
    },
    {
        "id": 69029861,
        "price": "76.94900000",
        "qty": "0.65800000",
        "quoteQty": "50.63244200",
        "time": 1629628954450,
        "isBuyerMaker": true,
        "isBestMatch": true
    },
    {
        "id": 69029862,
        "price": "76.96500000",
        "qty": "6.49700000",
        "quoteQty": "500.04160500",
        "time": 1629628954828,
        "isBuyerMaker": false,
        "isBestMatch": true
    },
    {
        "id": 69029863,
        "price": "76.94900000",
        "qty": "2.47900000",
        "quoteQty": "190.75657100",
        "time": 1629628955116,
        "isBuyerMaker": true,
        "isBestMatch": true
    },
    {
        "id": 69029864,
        "price": "76.93200000",
        "qty": "22.32100000",
        "quoteQty": "1717.19917200",
        "time": 1629628955116,
        "isBuyerMaker": true,
        "isBestMatch": true
    },
    {
        "id": 69029865,
        "price": "76.93100000",
        "qty": "115.00000000",
        "quoteQty": "8847.06500000",
        "time": 1629628955116,
        "isBuyerMaker": true,
        "isBestMatch": true
    },
    {
        "id": 69029866,
        "price": "76.92900000",
        "qty": "14.50300000",
        "quoteQty": "1115.70128700",
        "time": 1629628955116,
        "isBuyerMaker": true,
        "isBestMatch": true
    },
    {
        "id": 69029867,
        "price": "76.92300000",
        "qty": "115.00000000",
        "quoteQty": "8846.14500000",
        "time": 1629628955116,
        "isBuyerMaker": true,
        "isBestMatch": true
    },
    {
        "id": 69029868,
        "price": "76.92300000",
        "qty": "26.00000000",
        "quoteQty": "1999.99800000",
        "time": 1629628955116,
        "isBuyerMaker": true,
        "isBestMatch": true
    },
    {
        "id": 69029869,
        "price": "76.91900000",
        "qty": "41.58500000",
        "quoteQty": "3198.67661500",
        "time": 1629628955116,
        "isBuyerMaker": true,
        "isBestMatch": true
    },
    {
        "id": 69029870,
        "price": "76.91600000",
        "qty": "9.21900000",
        "quoteQty": "709.08860400",
        "time": 1629628955116,
        "isBuyerMaker": true,
        "isBestMatch": true
    },
    {
        "id": 69029871,
        "price": "76.91300000",
        "qty": "36.39200000",
        "quoteQty": "2799.01789600",
        "time": 1629628955116,
        "isBuyerMaker": true,
        "isBestMatch": true
    },
    {
        "id": 69029872,
        "price": "76.90700000",
        "qty": "20.00000000",
        "quoteQty": "1538.14000000",
        "time": 1629628955116,
        "isBuyerMaker": true,
        "isBestMatch": true
    },
    {
        "id": 69029873,
        "price": "76.90700000",
        "qty": "12.98800000",
        "quoteQty": "998.86811600",
        "time": 1629628955116,
        "isBuyerMaker": true,
        "isBestMatch": true
    },
    {
        "id": 69029874,
        "price": "76.90000000",
        "qty": "11.00000000",
        "quoteQty": "845.90000000",
        "time": 1629628955116,
        "isBuyerMaker": true,
        "isBestMatch": true
    },
    {
        "id": 69029875,
        "price": "76.90000000",
        "qty": "18.64700000",
        "quoteQty": "1433.95430000",
        "time": 1629628955116,
        "isBuyerMaker": true,
        "isBestMatch": true
    },
    {
        "id": 69029876,
        "price": "76.90000000",
        "qty": "320.86600000",
        "quoteQty": "24674.59540000",
        "time": 1629628955127,
        "isBuyerMaker": false,
        "isBestMatch": true
    },
    {
        "id": 69029877,
        "price": "76.90200000",
        "qty": "5.27300000",
        "quoteQty": "405.50424600",
        "time": 1629628955861,
        "isBuyerMaker": true,
        "isBestMatch": true
    },
    {
        "id": 69029878,
        "price": "76.93800000",
        "qty": "12.99200000",
        "quoteQty": "999.57849600",
        "time": 1629628956503,
        "isBuyerMaker": false,
        "isBestMatch": true
    },
    {
        "id": 69029879,
        "price": "76.93900000",
        "qty": "0.34800000",
        "quoteQty": "26.77477200",
        "time": 1629628956503,
        "isBuyerMaker": false,
        "isBestMatch": true
    },
    {
        "id": 69029880,
        "price": "76.93300000",
        "qty": "10.00000000",
        "quoteQty": "769.33000000",
        "time": 1629628957779,
        "isBuyerMaker": false,
        "isBestMatch": true
    },
    {
        "id": 69029881,
        "price": "76.93300000",
        "qty": "12.99200000",
        "quoteQty": "999.51353600",
        "time": 1629628957779,
        "isBuyerMaker": false,
        "isBestMatch": true
    },
    {
        "id": 69029882,
        "price": "76.93500000",
        "qty": "1.20000000",
        "quoteQty": "92.32200000",
        "time": 1629628957779,
        "isBuyerMaker": false,
        "isBestMatch": true
    },
    {
        "id": 69029883,
        "price": "76.93700000",
        "qty": "6.63100000",
        "quoteQty": "510.16924700",
        "time": 1629628957779,
        "isBuyerMaker": false,
        "isBestMatch": true
    },
    {
        "id": 69029884,
        "price": "76.90200000",
        "qty": "3.00000000",
        "quoteQty": "230.70600000",
        "time": 1629628957891,
        "isBuyerMaker": true,
        "isBestMatch": true
    },
    {
        "id": 69029885,
        "price": "76.90200000",
        "qty": "3.00000000",
        "quoteQty": "230.70600000",
        "time": 1629628957924,
        "isBuyerMaker": true,
        "isBestMatch": true
    },
    {
        "id": 69029886,
        "price": "76.93000000",
        "qty": "0.50500000",
        "quoteQty": "38.84965000",
        "time": 1629628959076,
        "isBuyerMaker": false,
        "isBestMatch": true
    },
    {
        "id": 69029887,
        "price": "76.90000000",
        "qty": "0.17200000",
        "quoteQty": "13.22680000",
        "time": 1629628959956,
        "isBuyerMaker": true,
        "isBestMatch": true
    },
    {
        "id": 69029888,
        "price": "76.93000000",
        "qty": "0.13600000",
        "quoteQty": "10.46248000",
        "time": 1629628959974,
        "isBuyerMaker": false,
        "isBestMatch": true
    },
    {
        "id": 69029889,
        "price": "76.93000000",
        "qty": "1.96900000",
        "quoteQty": "151.47517000",
        "time": 1629628960206,
        "isBuyerMaker": false,
        "isBestMatch": true
    },
    {
        "id": 69029890,
        "price": "76.90000000",
        "qty": "2.60000000",
        "quoteQty": "199.94000000",
        "time": 1629628960283,
        "isBuyerMaker": true,
        "isBestMatch": true
    },
    {
        "id": 69029891,
        "price": "76.90200000",
        "qty": "4.65300000",
        "quoteQty": "357.82500600",
        "time": 1629628960409,
        "isBuyerMaker": true,
        "isBestMatch": true
    },
    {
        "id": 69029892,
        "price": "76.92800000",
        "qty": "5.17200000",
        "quoteQty": "397.87161600",
        "time": 1629628960480,
        "isBuyerMaker": false,
        "isBestMatch": true
    },
    {
        "id": 69029893,
        "price": "76.92900000",
        "qty": "6.95200000",
        "quoteQty": "534.81040800",
        "time": 1629628960480,
        "isBuyerMaker": false,
        "isBestMatch": true
    },
    {
        "id": 69029894,
        "price": "76.90400000",
        "qty": "4.73700000",
        "quoteQty": "364.29424800",
        "time": 1629628960507,
        "isBuyerMaker": true,
        "isBestMatch": true
    },
    {
        "id": 69029895,
        "price": "76.90400000",
        "qty": "2.15000000",
        "quoteQty": "165.34360000",
        "time": 1629628960544,
        "isBuyerMaker": true,
        "isBestMatch": true
    },
    {
        "id": 69029896,
        "price": "76.90700000",
        "qty": "1.00000000",
        "quoteQty": "76.90700000",
        "time": 1629628961027,
        "isBuyerMaker": true,
        "isBestMatch": true
    },
    {
        "id": 69029897,
        "price": "76.90700000",
        "qty": "1.00000000",
        "quoteQty": "76.90700000",
        "time": 1629628961669,
        "isBuyerMaker": true,
        "isBestMatch": true
    },
    {
        "id": 69029898,
        "price": "76.90500000",
        "qty": "3.00000000",
        "quoteQty": "230.71500000",
        "time": 1629628962627,
        "isBuyerMaker": true,
        "isBestMatch": true
    },
    {
        "id": 69029899,
        "price": "76.90500000",
        "qty": "1.00000000",
        "quoteQty": "76.90500000",
        "time": 1629628962670,
        "isBuyerMaker": true,
        "isBestMatch": true
    },
    {
        "id": 69029900,
        "price": "76.90500000",
        "qty": "1.00000000",
        "quoteQty": "76.90500000",
        "time": 1629628962771,
        "isBuyerMaker": true,
        "isBestMatch": true
    },
    {
        "id": 69029901,
        "price": "76.90500000",
        "qty": "2.64000000",
        "quoteQty": "203.02920000",
        "time": 1629628964355,
        "isBuyerMaker": true,
        "isBestMatch": true
    },
    {
        "id": 69029902,
        "price": "76.93000000",
        "qty": "0.26000000",
        "quoteQty": "20.00180000",
        "time": 1629628964451,
        "isBuyerMaker": false,
        "isBestMatch": true
    },
    {
        "id": 69029903,
        "price": "76.90200000",
        "qty": "0.56600000",
        "quoteQty": "43.52653200",
        "time": 1629628965444,
        "isBuyerMaker": false,
        "isBestMatch": true
    },
    {
        "id": 69029904,
        "price": "76.92600000",
        "qty": "12.99300000",
        "quoteQty": "999.49951800",
        "time": 1629628965620,
        "isBuyerMaker": false,
        "isBestMatch": true
    },
    {
        "id": 69029905,
        "price": "76.92900000",
        "qty": "10.00000000",
        "quoteQty": "769.29000000",
        "time": 1629628965620,
        "isBuyerMaker": false,
        "isBestMatch": true
    },
    {
        "id": 69029906,
        "price": "76.93000000",
        "qty": "10.34800000",
        "quoteQty": "796.07164000",
        "time": 1629628965620,
        "isBuyerMaker": false,
        "isBestMatch": true
    },
    {
        "id": 69029907,
        "price": "76.93100000",
        "qty": "25.12900000",
        "quoteQty": "1933.19909900",
        "time": 1629628965620,
        "isBuyerMaker": false,
        "isBestMatch": true
    },
    {
        "id": 69029908,
        "price": "76.89800000",
        "qty": "1.00000000",
        "quoteQty": "76.89800000",
        "time": 1629628965664,
        "isBuyerMaker": true,
        "isBestMatch": true
    },
    {
        "id": 69029909,
        "price": "76.90200000",
        "qty": "3.00000000",
        "quoteQty": "230.70600000",
        "time": 1629628966011,
        "isBuyerMaker": true,
        "isBestMatch": true
    },
    {
        "id": 69029910,
        "price": "76.90200000",
        "qty": "1.00000000",
        "quoteQty": "76.90200000",
        "time": 1629628966066,
        "isBuyerMaker": true,
        "isBestMatch": true
    },
    {
        "id": 69029911,
        "price": "76.90200000",
        "qty": "1.00000000",
        "quoteQty": "76.90200000",
        "time": 1629628966095,
        "isBuyerMaker": true,
        "isBestMatch": true
    },
    {
        "id": 69029912,
        "price": "76.90200000",
        "qty": "2.15400000",
        "quoteQty": "165.64690800",
        "time": 1629628966768,
        "isBuyerMaker": true,
        "isBestMatch": true
    },
    {
        "id": 69029913,
        "price": "76.90200000",
        "qty": "0.15700000",
        "quoteQty": "12.07361400",
        "time": 1629628966918,
        "isBuyerMaker": true,
        "isBestMatch": true
    },
    {
        "id": 69029914,
        "price": "76.90200000",
        "qty": "0.51100000",
        "quoteQty": "39.29692200",
        "time": 1629628967333,
        "isBuyerMaker": true,
        "isBestMatch": true
    },
    {
        "id": 69029915,
        "price": "76.93000000",
        "qty": "0.16000000",
        "quoteQty": "12.30880000",
        "time": 1629628968430,
        "isBuyerMaker": false,
        "isBestMatch": true
    },
    {
        "id": 69029916,
        "price": "76.90200000",
        "qty": "0.13600000",
        "quoteQty": "10.45867200",
        "time": 1629628969148,
        "isBuyerMaker": true,
        "isBestMatch": true
    },
    {
        "id": 69029917,
        "price": "76.90200000",
        "qty": "1.00000000",
        "quoteQty": "76.90200000",
        "time": 1629628969423,
        "isBuyerMaker": true,
        "isBestMatch": true
    },
    {
        "id": 69029918,
        "price": "76.90200000",
        "qty": "1.00000000",
        "quoteQty": "76.90200000",
        "time": 1629628969597,
        "isBuyerMaker": true,
        "isBestMatch": true
    },
    {
        "id": 69029919,
        "price": "76.90200000",
        "qty": "6.50100000",
        "quoteQty": "499.93990200",
        "time": 1629628970086,
        "isBuyerMaker": true,
        "isBestMatch": true
    },
    {
        "id": 69029920,
        "price": "76.92400000",
        "qty": "0.99400000",
        "quoteQty": "76.46245600",
        "time": 1629628970737,
        "isBuyerMaker": false,
        "isBestMatch": true
    },
    {
        "id": 69029921,
        "price": "76.93000000",
        "qty": "1.31400000",
        "quoteQty": "101.08602000",
        "time": 1629628970737,
        "isBuyerMaker": false,
        "isBestMatch": true
    },
    {
        "id": 69029922,
        "price": "76.93000000",
        "qty": "4.54900000",
        "quoteQty": "349.95457000",
        "time": 1629628971084,
        "isBuyerMaker": false,
        "isBestMatch": true
    },
    {
        "id": 69029923,
        "price": "76.90600000",
        "qty": "3.99700000",
        "quoteQty": "307.39328200",
        "time": 1629628971847,
        "isBuyerMaker": true,
        "isBestMatch": true
    },
    {
        "id": 69029924,
        "price": "76.90600000",
        "qty": "0.37800000",
        "quoteQty": "29.07046800",
        "time": 1629628972393,
        "isBuyerMaker": true,
        "isBestMatch": true
    },
    {
        "id": 69029925,
        "price": "76.90600000",
        "qty": "1.00000000",
        "quoteQty": "76.90600000",
        "time": 1629628972468,
        "isBuyerMaker": true,
        "isBestMatch": true
    },
    {
        "id": 69029926,
        "price": "76.90600000",
        "qty": "1.00000000",
        "quoteQty": "76.90600000",
        "time": 1629628972491,
        "isBuyerMaker": true,
        "isBestMatch": true
    },
    {
        "id": 69029927,
        "price": "76.93000000",
        "qty": "0.73100000",
        "quoteQty": "56.23583000",
        "time": 1629628972649,
        "isBuyerMaker": false,
        "isBestMatch": true
    },
    {
        "id": 69029928,
        "price": "76.90600000",
        "qty": "2.15400000",
        "quoteQty": "165.65552400",
        "time": 1629628972958,
        "isBuyerMaker": true,
        "isBestMatch": true
    },
    {
        "id": 69029929,
        "price": "76.90600000",
        "qty": "1.00000000",
        "quoteQty": "76.90600000",
        "time": 1629628973267,
        "isBuyerMaker": true,
        "isBestMatch": true
    },
    {
        "id": 69029930,
        "price": "76.90600000",
        "qty": "3.67800000",
        "quoteQty": "282.86026800",
        "time": 1629628973392,
        "isBuyerMaker": true,
        "isBestMatch": true
    },
    {
        "id": 69029931,
        "price": "76.90400000",
        "qty": "3.67800000",
        "quoteQty": "282.85291200",
        "time": 1629628973466,
        "isBuyerMaker": true,
        "isBestMatch": true
    },
    {
        "id": 69029932,
        "price": "76.90200000",
        "qty": "3.67800000",
        "quoteQty": "282.84555600",
        "time": 1629628973485,
        "isBuyerMaker": true,
        "isBestMatch": true
    },
    {
        "id": 69029933,
        "price": "76.89500000",
        "qty": "2.00000000",
        "quoteQty": "153.79000000",
        "time": 1629628973692,
        "isBuyerMaker": true,
        "isBestMatch": true
    },
    {
        "id": 69029934,
        "price": "76.89500000",
        "qty": "1.00000000",
        "quoteQty": "76.89500000",
        "time": 1629628973996,
        "isBuyerMaker": true,
        "isBestMatch": true
    },
    {
        "id": 69029935,
        "price": "76.89500000",
        "qty": "5.00000000",
        "quoteQty": "384.47500000",
        "time": 1629628974161,
        "isBuyerMaker": true,
        "isBestMatch": true
    },
    {
        "id": 69029936,
        "price": "76.90200000",
        "qty": "0.37800000",
        "quoteQty": "29.06895600",
        "time": 1629628974498,
        "isBuyerMaker": false,
        "isBestMatch": true
    },
    {
        "id": 69029937,
        "price": "76.89500000",
        "qty": "0.13600000",
        "quoteQty": "10.45772000",
        "time": 1629628975363,
        "isBuyerMaker": true,
        "isBestMatch": true
    },
    {
        "id": 69029938,
        "price": "76.91100000",
        "qty": "6.89400000",
        "quoteQty": "530.22443400",
        "time": 1629628975688,
        "isBuyerMaker": false,
        "isBestMatch": true
    },
    {
        "id": 69029939,
        "price": "76.89500000",
        "qty": "1.00000000",
        "quoteQty": "76.89500000",
        "time": 1629628975828,
        "isBuyerMaker": true,
        "isBestMatch": true
    },
    {
        "id": 69029940,
        "price": "76.89500000",
        "qty": "2.00000000",
        "quoteQty": "153.79000000",
        "time": 1629628975862,
        "isBuyerMaker": true,
        "isBestMatch": true
    },
    {
        "id": 69029941,
        "price": "76.89500000",
        "qty": "3.00000000",
        "quoteQty": "230.68500000",
        "time": 1629628975927,
        "isBuyerMaker": true,
        "isBestMatch": true
    },
    {
        "id": 69029942,
        "price": "76.89500000",
        "qty": "3.00000000",
        "quoteQty": "230.68500000",
        "time": 1629628975930,
        "isBuyerMaker": true,
        "isBestMatch": true
    },
    {
        "id": 69029943,
        "price": "76.89500000",
        "qty": "3.00000000",
        "quoteQty": "230.68500000",
        "time": 1629628975931,
        "isBuyerMaker": true,
        "isBestMatch": true
    },
    {
        "id": 69029944,
        "price": "76.89500000",
        "qty": "3.00000000",
        "quoteQty": "230.68500000",
        "time": 1629628975932,
        "isBuyerMaker": true,
        "isBestMatch": true
    },
    {
        "id": 69029945,
        "price": "76.89500000",
        "qty": "2.00000000",
        "quoteQty": "153.79000000",
        "time": 1629628975932,
        "isBuyerMaker": true,
        "isBestMatch": true
    },
    {
        "id": 69029946,
        "price": "76.89500000",
        "qty": "3.00000000",
        "quoteQty": "230.68500000",
        "time": 1629628975934,
        "isBuyerMaker": true,
        "isBestMatch": true
    },
    {
        "id": 69029947,
        "price": "76.89500000",
        "qty": "3.00000000",
        "quoteQty": "230.68500000",
        "time": 1629628975935,
        "isBuyerMaker": true,
        "isBestMatch": true
    },
    {
        "id": 69029948,
        "price": "76.89500000",
        "qty": "3.00000000",
        "quoteQty": "230.68500000",
        "time": 1629628975936,
        "isBuyerMaker": true,
        "isBestMatch": true
    },
    {
        "id": 69029949,
        "price": "76.89500000",
        "qty": "2.00000000",
        "quoteQty": "153.79000000",
        "time": 1629628975936,
        "isBuyerMaker": true,
        "isBestMatch": true
    },
    {
        "id": 69029950,
        "price": "76.89500000",
        "qty": "3.00000000",
        "quoteQty": "230.68500000",
        "time": 1629628975942,
        "isBuyerMaker": true,
        "isBestMatch": true
    },
    {
        "id": 69029951,
        "price": "76.89500000",
        "qty": "3.00000000",
        "quoteQty": "230.68500000",
        "time": 1629628975942,
        "isBuyerMaker": true,
        "isBestMatch": true
    },
    {
        "id": 69029952,
        "price": "76.89500000",
        "qty": "2.09600000",
        "quoteQty": "161.17192000",
        "time": 1629628975945,
        "isBuyerMaker": true,
        "isBestMatch": true
    },
    {
        "id": 69029953,
        "price": "76.89500000",
        "qty": "0.90400000",
        "quoteQty": "69.51308000",
        "time": 1629628975945,
        "isBuyerMaker": true,
        "isBestMatch": true
    },
    {
        "id": 69029954,
        "price": "76.89500000",
        "qty": "0.26600000",
        "quoteQty": "20.45407000",
        "time": 1629628975945,
        "isBuyerMaker": true,
        "isBestMatch": true
    },
    {
        "id": 69029955,
        "price": "76.89500000",
        "qty": "2.73400000",
        "quoteQty": "210.23093000",
        "time": 1629628975945,
        "isBuyerMaker": true,
        "isBestMatch": true
    },
    {
        "id": 69029956,
        "price": "76.89500000",
        "qty": "2.00000000",
        "quoteQty": "153.79000000",
        "time": 1629628975946,
        "isBuyerMaker": true,
        "isBestMatch": true
    },
    {
        "id": 69029957,
        "price": "76.89500000",
        "qty": "2.16000000",
        "quoteQty": "166.09320000",
        "time": 1629628975948,
        "isBuyerMaker": true,
        "isBestMatch": true
    },
    {
        "id": 69029958,
        "price": "76.89300000",
        "qty": "6.89400000",
        "quoteQty": "530.10034200",
        "time": 1629628975955,
        "isBuyerMaker": true,
        "isBestMatch": true
    },
    {
        "id": 69029959,
        "price": "76.88700000",
        "qty": "4.00000000",
        "quoteQty": "307.54800000",
        "time": 1629628976363,
        "isBuyerMaker": true,
        "isBestMatch": true
    },
    {
        "id": 69029960,
        "price": "76.88700000",
        "qty": "1.00000000",
        "quoteQty": "76.88700000",
        "time": 1629628976466,
        "isBuyerMaker": true,
        "isBestMatch": true
    },
    {
        "id": 69029961,
        "price": "76.88700000",
        "qty": "2.00000000",
        "quoteQty": "153.77400000",
        "time": 1629628976624,
        "isBuyerMaker": true,
        "isBestMatch": true
    },
    {
        "id": 69029962,
        "price": "76.88700000",
        "qty": "2.00000000",
        "quoteQty": "153.77400000",
        "time": 1629628976650,
        "isBuyerMaker": true,
        "isBestMatch": true
    },
    {
        "id": 69029963,
        "price": "76.88700000",
        "qty": "6.06800000",
        "quoteQty": "466.55031600",
        "time": 1629628977093,
        "isBuyerMaker": true,
        "isBestMatch": true
    },
    {
        "id": 69029964,
        "price": "76.88100000",
        "qty": "12.99800000",
        "quoteQty": "999.29923800",
        "time": 1629628977093,
        "isBuyerMaker": true,
        "isBestMatch": true
    },
    {
        "id": 69029965,
        "price": "76.88000000",
        "qty": "10.38900000",
        "quoteQty": "798.70632000",
        "time": 1629628977093,
        "isBuyerMaker": true,
        "isBestMatch": true
    },
    {
        "id": 69029966,
        "price": "76.87600000",
        "qty": "0.93000000",
        "quoteQty": "71.49468000",
        "time": 1629628977093,
        "isBuyerMaker": true,
        "isBestMatch": true
    },
    {
        "id": 69029967,
        "price": "76.87600000",
        "qty": "0.84400000",
        "quoteQty": "64.88334400",
        "time": 1629628977093,
        "isBuyerMaker": true,
        "isBestMatch": true
    },
    {
        "id": 69029968,
        "price": "76.86500000",
        "qty": "1.18100000",
        "quoteQty": "90.77756500",
        "time": 1629628977093,
        "isBuyerMaker": true,
        "isBestMatch": true
    },
    {
        "id": 69029969,
        "price": "76.86500000",
        "qty": "18.47400000",
        "quoteQty": "1420.00401000",
        "time": 1629628977093,
        "isBuyerMaker": true,
        "isBestMatch": true
    },
    {
        "id": 69029970,
        "price": "76.87400000",
        "qty": "2.15200000",
        "quoteQty": "165.43284800",
        "time": 1629628979402,
        "isBuyerMaker": true,
        "isBestMatch": true
    },
    {
        "id": 69029971,
        "price": "76.89600000",
        "qty": "10.00000000",
        "quoteQty": "768.96000000",
        "time": 1629628979548,
        "isBuyerMaker": false,
        "isBestMatch": true
    },
    {
        "id": 69029972,
        "price": "76.87500000",
        "qty": "1.00000000",
        "quoteQty": "76.87500000",
        "time": 1629628980070,
        "isBuyerMaker": true,
        "isBestMatch": true
    },
    {
        "id": 69029973,
        "price": "76.89500000",
        "qty": "1.00000000",
        "quoteQty": "76.89500000",
        "time": 1629628980090,
        "isBuyerMaker": false,
        "isBestMatch": true
    },
    {
        "id": 69029974,
        "price": "76.87000000",
        "qty": "0.25800000",
        "quoteQty": "19.83246000",
        "time": 1629628981569,
        "isBuyerMaker": true,
        "isBestMatch": true
    },
    {
        "id": 69029975,
        "price": "76.87000000",
        "qty": "1.00000000",
        "quoteQty": "76.87000000",
        "time": 1629628982069,
        "isBuyerMaker": true,
        "isBestMatch": true
    },
    {
        "id": 69029976,
        "price": "76.86500000",
        "qty": "0.15000000",
        "quoteQty": "11.52975000",
        "time": 1629628983679,
        "isBuyerMaker": true,
        "isBestMatch": true
    },
    {
        "id": 69029977,
        "price": "76.85800000",
        "qty": "4.42200000",
        "quoteQty": "339.86607600",
        "time": 1629628983679,
        "isBuyerMaker": true,
        "isBestMatch": true
    },
    {
        "id": 69029978,
        "price": "76.85200000",
        "qty": "13.00600000",
        "quoteQty": "999.53711200",
        "time": 1629628983679,
        "isBuyerMaker": true,
        "isBestMatch": true
    },
    {
        "id": 69029979,
        "price": "76.84900000",
        "qty": "0.18500000",
        "quoteQty": "14.21706500",
        "time": 1629628983679,
        "isBuyerMaker": true,
        "isBestMatch": true
    },
    {
        "id": 69029980,
        "price": "76.85400000",
        "qty": "1.00000000",
        "quoteQty": "76.85400000",
        "time": 1629628984839,
        "isBuyerMaker": true,
        "isBestMatch": true
    },
    {
        "id": 69029981,
        "price": "76.85400000",
        "qty": "0.79200000",
        "quoteQty": "60.86836800",
        "time": 1629628985198,
        "isBuyerMaker": true,
        "isBestMatch": true
    },
    {
        "id": 69029982,
        "price": "76.86100000",
        "qty": "0.30300000",
        "quoteQty": "23.28888300",
        "time": 1629628985597,
        "isBuyerMaker": true,
        "isBestMatch": true
    },
    {
        "id": 69029983,
        "price": "76.85400000",
        "qty": "1.93300000",
        "quoteQty": "148.55878200",
        "time": 1629628985597,
        "isBuyerMaker": true,
        "isBestMatch": true
    },
    {
        "id": 69029984,
        "price": "76.85400000",
        "qty": "1.24500000",
        "quoteQty": "95.68323000",
        "time": 1629628985964,
        "isBuyerMaker": true,
        "isBestMatch": true
    },
    {
        "id": 69029985,
        "price": "76.88800000",
        "qty": "1.01200000",
        "quoteQty": "77.81065600",
        "time": 1629628986436,
        "isBuyerMaker": false,
        "isBestMatch": true
    },
    {
        "id": 69029986,
        "price": "76.86500000",
        "qty": "0.19000000",
        "quoteQty": "14.60435000",
        "time": 1629628987731,
        "isBuyerMaker": true,
        "isBestMatch": true
    },
    {
        "id": 69029987,
        "price": "76.85500000",
        "qty": "0.10200000",
        "quoteQty": "7.83921000",
        "time": 1629628987731,
        "isBuyerMaker": true,
        "isBestMatch": true
    },
    {
        "id": 69029988,
        "price": "76.86600000",
        "qty": "0.91200000",
        "quoteQty": "70.10179200",
        "time": 1629628988337,
        "isBuyerMaker": true,
        "isBestMatch": true
    },
    {
        "id": 69029989,
        "price": "76.86500000",
        "qty": "16.00000000",
        "quoteQty": "1229.84000000",
        "time": 1629628988337,
        "isBuyerMaker": true,
        "isBestMatch": true
    },
    {
        "id": 69029990,
        "price": "76.86500000",
        "qty": "17.17900000",
        "quoteQty": "1320.46383500",
        "time": 1629628988439,
        "isBuyerMaker": false,
        "isBestMatch": true
    },
    {
        "id": 69029991,
        "price": "76.87200000",
        "qty": "4.00000000",
        "quoteQty": "307.48800000",
        "time": 1629628990172,
        "isBuyerMaker": true,
        "isBestMatch": true
    },
    {
        "id": 69029992,
        "price": "76.87200000",
        "qty": "4.00000000",
        "quoteQty": "307.48800000",
        "time": 1629628990392,
        "isBuyerMaker": true,
        "isBestMatch": true
    },
    {
        "id": 69029993,
        "price": "76.87300000",
        "qty": "5.00000000",
        "quoteQty": "384.36500000",
        "time": 1629628991556,
        "isBuyerMaker": true,
        "isBestMatch": true
    },
    {
        "id": 69029994,
        "price": "76.87300000",
        "qty": "2.14900000",
        "quoteQty": "165.20007700",
        "time": 1629628991802,
        "isBuyerMaker": true,
        "isBestMatch": true
    },
    {
        "id": 69029995,
        "price": "76.87300000",
        "qty": "1.10900000",
        "quoteQty": "85.25215700",
        "time": 1629628991974,
        "isBuyerMaker": true,
        "isBestMatch": true
    },
    {
        "id": 69029996,
        "price": "76.89900000",
        "qty": "0.19000000",
        "quoteQty": "14.61081000",
        "time": 1629628992501,
        "isBuyerMaker": false,
        "isBestMatch": true
    },
    {
        "id": 69029997,
        "price": "76.89700000",
        "qty": "22.15900000",
        "quoteQty": "1703.96062300",
        "time": 1629628993591,
        "isBuyerMaker": false,
        "isBestMatch": true
    },
    {
        "id": 69029998,
        "price": "76.89800000",
        "qty": "10.00000000",
        "quoteQty": "768.98000000",
        "time": 1629628993591,
        "isBuyerMaker": false,
        "isBestMatch": true
    },
    {
        "id": 69029999,
        "price": "76.90200000",
        "qty": "11.53800000",
        "quoteQty": "887.29527600",
        "time": 1629628993592,
        "isBuyerMaker": false,
        "isBestMatch": true
    },
    {
        "id": 69030000,
        "price": "76.91000000",
        "qty": "1.22500000",
        "quoteQty": "94.21475000",
        "time": 1629628993592,
        "isBuyerMaker": false,
        "isBestMatch": true
    },
    {
        "id": 69030001,
        "price": "76.91200000",
        "qty": "23.50500000",
        "quoteQty": "1807.81656000",
        "time": 1629628993666,
        "isBuyerMaker": false,
        "isBestMatch": true
    },
    {
        "id": 69030002,
        "price": "76.90100000",
        "qty": "0.81700000",
        "quoteQty": "62.82811700",
        "time": 1629628994394,
        "isBuyerMaker": true,
        "isBestMatch": true
    },
    {
        "id": 69030003,
        "price": "76.91000000",
        "qty": "3.00000000",
        "quoteQty": "230.73000000",
        "time": 1629628996023,
        "isBuyerMaker": true,
        "isBestMatch": true
    },
    {
        "id": 69030004,
        "price": "76.91000000",
        "qty": "2.00000000",
        "quoteQty": "153.82000000",
        "time": 1629628996068,
        "isBuyerMaker": true,
        "isBestMatch": true
    },
    {
        "id": 69030005,
        "price": "76.93500000",
        "qty": "10.02700000",
        "quoteQty": "771.42724500",
        "time": 1629628996537,
        "isBuyerMaker": false,
        "isBestMatch": true
    },
    {
        "id": 69030006,
        "price": "76.93500000",
        "qty": "0.25900000",
        "quoteQty": "19.92616500",
        "time": 1629628997185,
        "isBuyerMaker": false,
        "isBestMatch": true
    },
    {
        "id": 69030007,
        "price": "76.91000000",
        "qty": "1.00000000",
        "quoteQty": "76.91000000",
        "time": 1629628997616,
        "isBuyerMaker": true,
        "isBestMatch": true
    },
    {
        "id": 69030008,
        "price": "76.91000000",
        "qty": "1.00000000",
        "quoteQty": "76.91000000",
        "time": 1629628997626,
        "isBuyerMaker": true,
        "isBestMatch": true
    },
    {
        "id": 69030009,
        "price": "76.91000000",
        "qty": "1.00000000",
        "quoteQty": "76.91000000",
        "time": 1629628997665,
        "isBuyerMaker": true,
        "isBestMatch": true
    },
    {
        "id": 69030010,
        "price": "76.91000000",
        "qty": "1.00000000",
        "quoteQty": "76.91000000",
        "time": 1629628997668,
        "isBuyerMaker": true,
        "isBestMatch": true
    },
    {
        "id": 69030011,
        "price": "76.91000000",
        "qty": "2.15800000",
        "quoteQty": "165.97178000",
        "time": 1629628998025,
        "isBuyerMaker": true,
        "isBestMatch": true
    },
    {
        "id": 69030012,
        "price": "76.92700000",
        "qty": "1.25000000",
        "quoteQty": "96.15875000",
        "time": 1629628998481,
        "isBuyerMaker": false,
        "isBestMatch": true
    },
    {
        "id": 69030013,
        "price": "76.92700000",
        "qty": "10.02800000",
        "quoteQty": "771.42395600",
        "time": 1629628998538,
        "isBuyerMaker": false,
        "isBestMatch": true
    },
    {
        "id": 69030014,
        "price": "76.91000000",
        "qty": "0.69500000",
        "quoteQty": "53.45245000",
        "time": 1629628998602,
        "isBuyerMaker": true,
        "isBestMatch": true
    },
    {
        "id": 69030015,
        "price": "76.91000000",
        "qty": "3.17500000",
        "quoteQty": "244.18925000",
        "time": 1629628998962,
        "isBuyerMaker": true,
        "isBestMatch": true
    },
    {
        "id": 69030016,
        "price": "76.91000000",
        "qty": "3.67700000",
        "quoteQty": "282.79807000",
        "time": 1629628998962,
        "isBuyerMaker": true,
        "isBestMatch": true
    },
    {
        "id": 69030017,
        "price": "76.90800000",
        "qty": "2.23200000",
        "quoteQty": "171.65865600",
        "time": 1629628998962,
        "isBuyerMaker": true,
        "isBestMatch": true
    },
    {
        "id": 69030018,
        "price": "76.90800000",
        "qty": "1.44500000",
        "quoteQty": "111.13206000",
        "time": 1629628999887,
        "isBuyerMaker": true,
        "isBestMatch": true
    },
    {
        "id": 69030019,
        "price": "76.90600000",
        "qty": "3.67600000",
        "quoteQty": "282.70645600",
        "time": 1629628999887,
        "isBuyerMaker": true,
        "isBestMatch": true
    },
    {
        "id": 69030020,
        "price": "76.89300000",
        "qty": "8.08600000",
        "quoteQty": "621.75679800",
        "time": 1629628999887,
        "isBuyerMaker": true,
        "isBestMatch": true
    },
    {
        "id": 69030021,
        "price": "76.88800000",
        "qty": "0.30000000",
        "quoteQty": "23.06640000",
        "time": 1629629001148,
        "isBuyerMaker": true,
        "isBestMatch": true
    },
    {
        "id": 69030022,
        "price": "76.88800000",
        "qty": "0.14200000",
        "quoteQty": "10.91809600",
        "time": 1629629001532,
        "isBuyerMaker": false,
        "isBestMatch": true
    },
    {
        "id": 69030023,
        "price": "76.90200000",
        "qty": "0.79500000",
        "quoteQty": "61.13709000",
        "time": 1629629001532,
        "isBuyerMaker": false,
        "isBestMatch": true
    },
    {
        "id": 69030024,
        "price": "76.90800000",
        "qty": "0.13600000",
        "quoteQty": "10.45948800",
        "time": 1629629002835,
        "isBuyerMaker": false,
        "isBestMatch": true
    },
    {
        "id": 69030025,
        "price": "76.92000000",
        "qty": "16.00000000",
        "quoteQty": "1230.72000000",
        "time": 1629629002835,
        "isBuyerMaker": false,
        "isBestMatch": true
    },
    {
        "id": 69030026,
        "price": "76.92200000",
        "qty": "2.39900000",
        "quoteQty": "184.53587800",
        "time": 1629629002835,
        "isBuyerMaker": false,
        "isBestMatch": true
    },
    {
        "id": 69030027,
        "price": "76.89200000",
        "qty": "1.00000000",
        "quoteQty": "76.89200000",
        "time": 1629629003669,
        "isBuyerMaker": true,
        "isBestMatch": true
    },
    {
        "id": 69030028,
        "price": "76.89300000",
        "qty": "2.15300000",
        "quoteQty": "165.55062900",
        "time": 1629629004193,
        "isBuyerMaker": true,
        "isBestMatch": true
    },
    {
        "id": 69030029,
        "price": "76.92000000",
        "qty": "0.19000000",
        "quoteQty": "14.61480000",
        "time": 1629629004443,
        "isBuyerMaker": false,
        "isBestMatch": true
    },
    {
        "id": 69030030,
        "price": "76.89500000",
        "qty": "0.27000000",
        "quoteQty": "20.76165000",
        "time": 1629629004994,
        "isBuyerMaker": true,
        "isBestMatch": true
    },
    {
        "id": 69030031,
        "price": "76.91700000",
        "qty": "0.13600000",
        "quoteQty": "10.46071200",
        "time": 1629629005999,
        "isBuyerMaker": false,
        "isBestMatch": true
    },
    {
        "id": 69030032,
        "price": "76.89600000",
        "qty": "0.13600000",
        "quoteQty": "10.45785600",
        "time": 1629629006126,
        "isBuyerMaker": true,
        "isBestMatch": true
    },
    {
        "id": 69030033,
        "price": "76.91500000",
        "qty": "3.25000000",
        "quoteQty": "249.97375000",
        "time": 1629629006442,
        "isBuyerMaker": false,
        "isBestMatch": true
    },
    {
        "id": 69030034,
        "price": "76.92200000",
        "qty": "1.80900000",
        "quoteQty": "139.15189800",
        "time": 1629629007189,
        "isBuyerMaker": false,
        "isBestMatch": true
    },
    {
        "id": 69030035,
        "price": "76.92700000",
        "qty": "0.49800000",
        "quoteQty": "38.30964600",
        "time": 1629629007668,
        "isBuyerMaker": false,
        "isBestMatch": true
    },
    {
        "id": 69030036,
        "price": "76.92200000",
        "qty": "2.49000000",
        "quoteQty": "191.53578000",
        "time": 1629629008636,
        "isBuyerMaker": false,
        "isBestMatch": true
    },
    {
        "id": 69030037,
        "price": "76.90300000",
        "qty": "1.17000000",
        "quoteQty": "89.97651000",
        "time": 1629629008772,
        "isBuyerMaker": true,
        "isBestMatch": true
    },
    {
        "id": 69030038,
        "price": "76.92200000",
        "qty": "0.14200000",
        "quoteQty": "10.92292400",
        "time": 1629629008829,
        "isBuyerMaker": false,
        "isBestMatch": true
    },
    {
        "id": 69030039,
        "price": "76.92200000",
        "qty": "3.65600000",
        "quoteQty": "281.22683200",
        "time": 1629629009124,
        "isBuyerMaker": false,
        "isBestMatch": true
    },
    {
        "id": 69030040,
        "price": "76.90300000",
        "qty": "2.14500000",
        "quoteQty": "164.95693500",
        "time": 1629629010357,
        "isBuyerMaker": true,
        "isBestMatch": true
    },
    {
        "id": 69030041,
        "price": "76.92200000",
        "qty": "2.96000000",
        "quoteQty": "227.68912000",
        "time": 1629629010442,
        "isBuyerMaker": false,
        "isBestMatch": true
    },
    {
        "id": 69030042,
        "price": "76.94800000",
        "qty": "3.65500000",
        "quoteQty": "281.24494000",
        "time": 1629629011124,
        "isBuyerMaker": false,
        "isBestMatch": true
    },
    {
        "id": 69030043,
        "price": "76.94800000",
        "qty": "0.18200000",
        "quoteQty": "14.00453600",
        "time": 1629629011290,
        "isBuyerMaker": false,
        "isBestMatch": true
    },
    {
        "id": 69030044,
        "price": "76.94800000",
        "qty": "3.65500000",
        "quoteQty": "281.24494000",
        "time": 1629629012124,
        "isBuyerMaker": false,
        "isBestMatch": true
    },
    {
        "id": 69030045,
        "price": "76.93400000",
        "qty": "0.28500000",
        "quoteQty": "21.92619000",
        "time": 1629629012347,
        "isBuyerMaker": false,
        "isBestMatch": true
    },
    {
        "id": 69030046,
        "price": "76.94800000",
        "qty": "0.79000000",
        "quoteQty": "60.78892000",
        "time": 1629629012447,
        "isBuyerMaker": false,
        "isBestMatch": true
    },
    {
        "id": 69030047,
        "price": "76.93400000",
        "qty": "3.00000000",
        "quoteQty": "230.80200000",
        "time": 1629629012865,
        "isBuyerMaker": true,
        "isBestMatch": true
    },
    {
        "id": 69030048,
        "price": "76.93400000",
        "qty": "1.00000000",
        "quoteQty": "76.93400000",
        "time": 1629629013092,
        "isBuyerMaker": true,
        "isBestMatch": true
    },
    {
        "id": 69030049,
        "price": "76.91700000",
        "qty": "1.00000000",
        "quoteQty": "76.91700000",
        "time": 1629629013224,
        "isBuyerMaker": true,
        "isBestMatch": true
    },
    {
        "id": 69030050,
        "price": "76.91800000",
        "qty": "2.00000000",
        "quoteQty": "153.83600000",
        "time": 1629629013269,
        "isBuyerMaker": true,
        "isBestMatch": true
    },
    {
        "id": 69030051,
        "price": "76.95400000",
        "qty": "12.99400000",
        "quoteQty": "999.94027600",
        "time": 1629629013741,
        "isBuyerMaker": false,
        "isBestMatch": true
    },
    {
        "id": 69030052,
        "price": "76.95300000",
        "qty": "8.90500000",
        "quoteQty": "685.26646500",
        "time": 1629629013825,
        "isBuyerMaker": false,
        "isBestMatch": true
    },
    {
        "id": 69030053,
        "price": "76.95400000",
        "qty": "7.20200000",
        "quoteQty": "554.22270800",
        "time": 1629629013825,
        "isBuyerMaker": false,
        "isBestMatch": true
    },
    {
        "id": 69030054,
        "price": "76.93400000",
        "qty": "34.19700000",
        "quoteQty": "2630.91199800",
        "time": 1629629014796,
        "isBuyerMaker": false,
        "isBestMatch": true
    },
    {
        "id": 69030055,
        "price": "76.93600000",
        "qty": "6.80000000",
        "quoteQty": "523.16480000",
        "time": 1629629015068,
        "isBuyerMaker": true,
        "isBestMatch": true
    },
    {
        "id": 69030056,
        "price": "76.98000000",
        "qty": "0.38900000",
        "quoteQty": "29.94522000",
        "time": 1629629015636,
        "isBuyerMaker": false,
        "isBestMatch": true
    },
    {
        "id": 69030057,
        "price": "76.96900000",
        "qty": "6.25400000",
        "quoteQty": "481.36412600",
        "time": 1629629015953,
        "isBuyerMaker": false,
        "isBestMatch": true
    },
    {
        "id": 69030058,
        "price": "76.93900000",
        "qty": "0.41500000",
        "quoteQty": "31.92968500",
        "time": 1629629016370,
        "isBuyerMaker": true,
        "isBestMatch": true
    },
    {
        "id": 69030059,
        "price": "76.96900000",
        "qty": "0.15700000",
        "quoteQty": "12.08413300",
        "time": 1629629016442,
        "isBuyerMaker": false,
        "isBestMatch": true
    },
    {
        "id": 69030060,
        "price": "76.97000000",
        "qty": "1.79300000",
        "quoteQty": "138.00721000",
        "time": 1629629016442,
        "isBuyerMaker": false,
        "isBestMatch": true
    },
    {
        "id": 69030061,
        "price": "76.93900000",
        "qty": "2.15000000",
        "quoteQty": "165.41885000",
        "time": 1629629016544,
        "isBuyerMaker": true,
        "isBestMatch": true
    },
    {
        "id": 69030062,
        "price": "76.93900000",
        "qty": "0.57800000",
        "quoteQty": "44.47074200",
        "time": 1629629016944,
        "isBuyerMaker": true,
        "isBestMatch": true
    },
    {
        "id": 69030063,
        "price": "76.97700000",
        "qty": "1.69600000",
        "quoteQty": "130.55299200",
        "time": 1629629017622,
        "isBuyerMaker": false,
        "isBestMatch": true
    },
    {
        "id": 69030064,
        "price": "76.94800000",
        "qty": "0.13600000",
        "quoteQty": "10.46492800",
        "time": 1629629018460,
        "isBuyerMaker": true,
        "isBestMatch": true
    },
    {
        "id": 69030065,
        "price": "76.97300000",
        "qty": "16.00000000",
        "quoteQty": "1231.56800000",
        "time": 1629629020351,
        "isBuyerMaker": false,
        "isBestMatch": true
    },
    {
        "id": 69030066,
        "price": "76.99200000",
        "qty": "32.47600000",
        "quoteQty": "2500.39219200",
        "time": 1629629020351,
        "isBuyerMaker": false,
        "isBestMatch": true
    },
    {
        "id": 69030067,
        "price": "76.99700000",
        "qty": "0.27800000",
        "quoteQty": "21.40516600",
        "time": 1629629020351,
        "isBuyerMaker": false,
        "isBestMatch": true
    },
    {
        "id": 69030068,
        "price": "76.99900000",
        "qty": "30.25900000",
        "quoteQty": "2329.91274100",
        "time": 1629629020351,
        "isBuyerMaker": false,
        "isBestMatch": true
    },
    {
        "id": 69030069,
        "price": "77.00000000",
        "qty": "43.78200000",
        "quoteQty": "3371.21400000",
        "time": 1629629020351,
        "isBuyerMaker": false,
        "isBestMatch": true
    },
    {
        "id": 69030070,
        "price": "77.00000000",
        "qty": "13.32000000",
        "quoteQty": "1025.64000000",
        "time": 1629629020351,
        "isBuyerMaker": false,
        "isBestMatch": true
    },
    {
        "id": 69030071,
        "price": "77.00000000",
        "qty": "1.02300000",
        "quoteQty": "78.77100000",
        "time": 1629629020351,
        "isBuyerMaker": false,
        "isBestMatch": true
    },
    {
        "id": 69030072,
        "price": "77.00000000",
        "qty": "4.25600000",
        "quoteQty": "327.71200000",
        "time": 1629629020351,
        "isBuyerMaker": false,
        "isBestMatch": true
    },
    {
        "id": 69030073,
        "price": "77.00000000",
        "qty": "9.98200000",
        "quoteQty": "768.61400000",
        "time": 1629629020351,
        "isBuyerMaker": false,
        "isBestMatch": true
    },
    {
        "id": 69030074,
        "price": "77.00000000",
        "qty": "7.62600000",
        "quoteQty": "587.20200000",
        "time": 1629629020351,
        "isBuyerMaker": false,
        "isBestMatch": true
    },
    {
        "id": 69030075,
        "price": "77.00000000",
        "qty": "1.16900000",
        "quoteQty": "90.01300000",
        "time": 1629629020351,
        "isBuyerMaker": false,
        "isBestMatch": true
    },
    {
        "id": 69030076,
        "price": "77.00000000",
        "qty": "62.56600000",
        "quoteQty": "4817.58200000",
        "time": 1629629020351,
        "isBuyerMaker": false,
        "isBestMatch": true
    },
    {
        "id": 69030077,
        "price": "77.00000000",
        "qty": "11.15400000",
        "quoteQty": "858.85800000",
        "time": 1629629020351,
        "isBuyerMaker": false,
        "isBestMatch": true
    },
    {
        "id": 69030078,
        "price": "76.95200000",
        "qty": "0.76000000",
        "quoteQty": "58.48352000",
        "time": 1629629020404,
        "isBuyerMaker": true,
        "isBestMatch": true
    },
    {
        "id": 69030079,
        "price": "76.99800000",
        "qty": "0.15500000",
        "quoteQty": "11.93469000",
        "time": 1629629021194,
        "isBuyerMaker": false,
        "isBestMatch": true
    },
    {
        "id": 69030080,
        "price": "76.97000000",
        "qty": "1.01000000",
        "quoteQty": "77.73970000",
        "time": 1629629021204,
        "isBuyerMaker": true,
        "isBestMatch": true
    },
    {
        "id": 69030081,
        "price": "76.97600000",
        "qty": "0.39000000",
        "quoteQty": "30.02064000",
        "time": 1629629022017,
        "isBuyerMaker": true,
        "isBestMatch": true
    },
    {
        "id": 69030082,
        "price": "77.00400000",
        "qty": "0.26000000",
        "quoteQty": "20.02104000",
        "time": 1629629022445,
        "isBuyerMaker": false,
        "isBestMatch": true
    },
    {
        "id": 69030083,
        "price": "77.00200000",
        "qty": "1.05000000",
        "quoteQty": "80.85210000",
        "time": 1629629022580,
        "isBuyerMaker": false,
        "isBestMatch": true
    },
    {
        "id": 69030084,
        "price": "76.97800000",
        "qty": "2.14300000",
        "quoteQty": "164.96385400",
        "time": 1629629022764,
        "isBuyerMaker": true,
        "isBestMatch": true
    },
    {
        "id": 69030085,
        "price": "76.97500000",
        "qty": "2.16500000",
        "quoteQty": "166.65087500",
        "time": 1629629022926,
        "isBuyerMaker": true,
        "isBestMatch": true
    },
    {
        "id": 69030086,
        "price": "76.99900000",
        "qty": "0.13600000",
        "quoteQty": "10.47186400",
        "time": 1629629023003,
        "isBuyerMaker": false,
        "isBestMatch": true
    },
    {
        "id": 69030087,
        "price": "76.99900000",
