[
    {
        "id": 7016701,
        "price": "0.00722000",
        "qty": "560797.90000000",
        "quoteQty": "4048.96083800",
        "time": 1629946041484,
        "isBuyerMaker": false,
        "isBestMatch": true
    },
    {
        "id": 7016702,
        "price": "0.00722000",
        "qty": "635308.90000000",
        "quoteQty": "4586.93025800",
        "time": 1629946050538,
        "isBuyerMaker": false,
        "isBestMatch": true
    },
    {
        "id": 7016703,
        "price": "0.00722000",
        "qty": "343507.80000000",
        "quoteQty": "2480.12631600",
        "time": 1629946050640,
        "isBuyerMaker": true,
        "isBestMatch": true
    },
    {
        "id": 7016704,
        "price": "0.00722000",
        "qty": "312473.20000000",
        "quoteQty": "2256.05650400",
        "time": 1629946078739,
        "isBuyerMaker": true,
        "isBestMatch": true
    },
    {
        "id": 7016705,
        "price": "0.00722000",
        "qty": "580717.70000000",
        "quoteQty": "4192.78179400",
        "time": 1629946095599,
        "isBuyerMaker": false,
        "isBestMatch": true
    },
    {
        "id": 7016706,
        "price": "0.00722000",
        "qty": "305072.70000000",
        "quoteQty": "2202.62489400",
        "time": 1629946103736,
        "isBuyerMaker": true,
        "isBestMatch": true
    },
    {
        "id": 7016707,
        "price": "0.00722000",
        "qty": "352014.30000000",
        "quoteQty": "2541.54324600",
        "time": 1629946120208,
        "isBuyerMaker": false,
        "isBestMatch": true
    },
    {
        "id": 7016708,
        "price": "0.00722000",
        "qty": "220125.70000000",
        "quoteQty": "1589.30755400",
        "time": 1629946128339,
        "isBuyerMaker": false,
        "isBestMatch": true
    },
    {
        "id": 7016709,
        "price": "0.00722000",
        "qty": "518138.90000000",
        "quoteQty": "3740.96285800",
        "time": 1629946128436,
        "isBuyerMaker": true,
        "isBestMatch": true
    },
    {
        "id": 7016710,
        "price": "0.00722000",
        "qty": "178121.90000000",
        "quoteQty": "1286.04011800",
        "time": 1629946128479,
        "isBuyerMaker": true,
        "isBestMatch": true
    },
    {
        "id": 7016711,
        "price": "0.00722000",
        "qty": "672617.40000000",
        "quoteQty": "4856.29762800",
        "time": 1629946152461,
        "isBuyerMaker": false,
        "isBestMatch": true
    },
    {
        "id": 7016712,
        "price": "0.00722000",
        "qty": "100953.80000000",
        "quoteQty": "728.88643600",
        "time": 1629946161909,
        "isBuyerMaker": true,
        "isBestMatch": true
    },
    {
        "id": 7016713,
        "price": "0.00722000",
        "qty": "632807.10000000",
        "quoteQty": "4568.86726200",
        "time": 1629946178469,
        "isBuyerMaker": false,
        "isBestMatch": true
    },
    {
        "id": 7016714,
        "price": "0.00722000",
        "qty": "576388.10000000",
        "quoteQty": "4161.52208200",
        "time": 1629946186742,
        "isBuyerMaker": false,
        "isBestMatch": true
    },
    {
        "id": 7016715,
        "price": "0.00722000",
        "qty": "657874.70000000",
        "quoteQty": "4749.85533400",
        "time": 1629946194922,
        "isBuyerMaker": false,
        "isBestMatch": true
    },
    {
        "id": 7016716,
        "price": "0.00722000",
        "qty": "17061.20000000",
        "quoteQty": "123.18186400",
        "time": 1629946195021,
        "isBuyerMaker": true,
        "isBestMatch": true
    },
    {
        "id": 7016717,
        "price": "0.00722000",
        "qty": "740796.90000000",
        "quoteQty": "5348.55361800",
        "time": 1629946215075,
        "isBuyerMaker": false,
        "isBestMatch": true
    },
    {
        "id": 7016718,
        "price": "0.00722000",
        "qty": "706445.00000000",
        "quoteQty": "5100.53290000",
        "time": 1629946223498,
        "isBuyerMaker": false,
        "isBestMatch": true
    },
    {
        "id": 7016719,
        "price": "0.00722000",
        "qty": "202551.50000000",
        "quoteQty": "1462.42183000",
        "time": 1629946231750,
        "isBuyerMaker": false,
        "isBestMatch": true
    },
    {
        "id": 7016720,
        "price": "0.00722000",
        "qty": "497278.20000000",
        "quoteQty": "3590.34860400",
        "time": 1629946231850,
        "isBuyerMaker": true,
        "isBestMatch": true
    },
    {
        "id": 7016721,
        "price": "0.00721000",
        "qty": "14398.60000000",
        "quoteQty": "103.81390600",
        "time": 1629946255974,
        "isBuyerMaker": true,
        "isBestMatch": true
    },
    {
        "id": 7016722,
        "price": "0.00721000",
        "qty": "775.00000000",
        "quoteQty": "5.58775000",
        "time": 1629946255974,
        "isBuyerMaker": true,
        "isBestMatch": true
    },
    {
        "id": 7016723,
        "price": "0.00722000",
        "qty": "93181.20000000",
        "quoteQty": "672.76826400",
        "time": 1629946259027,
        "isBuyerMaker": false,
        "isBestMatch": true
    },
    {
        "id": 7016724,
        "price": "0.00722000",
        "qty": "21200.50000000",
        "quoteQty": "153.06761000",
        "time": 1629946259164,
        "isBuyerMaker": true,
        "isBestMatch": true
    },
    {
        "id": 7016725,
        "price": "0.00722000",
        "qty": "72656.80000000",
        "quoteQty": "524.58209600",
        "time": 1629946259187,
        "isBuyerMaker": true,
        "isBestMatch": true
    },
    {
        "id": 7016726,
        "price": "0.00721000",
        "qty": "54648.00000000",
        "quoteQty": "394.01208000",
        "time": 1629946270513,
        "isBuyerMaker": true,
        "isBestMatch": true
    },
    {
        "id": 7016727,
        "price": "0.00721000",
        "qty": "112468.10000000",
        "quoteQty": "810.89500100",
        "time": 1629946270513,
        "isBuyerMaker": true,
        "isBestMatch": true
    },
    {
        "id": 7016728,
        "price": "0.00721000",
        "qty": "417598.50000000",
        "quoteQty": "3010.88518500",
        "time": 1629946270513,
        "isBuyerMaker": true,
        "isBestMatch": true
    },
    {
        "id": 7016729,
        "price": "0.00721000",
        "qty": "93765.80000000",
        "quoteQty": "676.05141800",
        "time": 1629946291793,
        "isBuyerMaker": false,
        "isBestMatch": true
    },
    {
        "id": 7016730,
        "price": "0.00721000",
        "qty": "78933.40000000",
        "quoteQty": "569.10981400",
        "time": 1629946301624,
        "isBuyerMaker": false,
        "isBestMatch": true
    },
    {
        "id": 7016731,
        "price": "0.00720000",
        "qty": "145954.30000000",
        "quoteQty": "1050.87096000",
        "time": 1629946309288,
        "isBuyerMaker": true,
        "isBestMatch": true
    },
    {
        "id": 7016732,
        "price": "0.00720000",
        "qty": "50000.00000000",
        "quoteQty": "360.00000000",
        "time": 1629946309288,
        "isBuyerMaker": true,
        "isBestMatch": true
    },
    {
        "id": 7016733,
        "price": "0.00720000",
        "qty": "137195.50000000",
        "quoteQty": "987.80760000",
        "time": 1629946309288,
        "isBuyerMaker": true,
        "isBestMatch": true
    },
    {
        "id": 7016734,
        "price": "0.00720000",
        "qty": "111616.70000000",
        "quoteQty": "803.64024000",
        "time": 1629946309288,
        "isBuyerMaker": true,
        "isBestMatch": true
    },
    {
        "id": 7016735,
        "price": "0.00720000",
        "qty": "65109.70000000",
        "quoteQty": "468.78984000",
        "time": 1629946309288,
        "isBuyerMaker": true,
        "isBestMatch": true
    },
    {
        "id": 7016736,
        "price": "0.00720000",
        "qty": "232695.30000000",
        "quoteQty": "1675.40616000",
        "time": 1629946309288,
        "isBuyerMaker": true,
        "isBestMatch": true
    },
    {
        "id": 7016737,
        "price": "0.00720000",
        "qty": "316495.70000000",
        "quoteQty": "2278.76904000",
        "time": 1629946309288,
        "isBuyerMaker": true,
        "isBestMatch": true
    },
    {
        "id": 7016738,
        "price": "0.00720000",
        "qty": "15900.00000000",
        "quoteQty": "114.48000000",
        "time": 1629946309288,
        "isBuyerMaker": true,
        "isBestMatch": true
    },
    {
        "id": 7016739,
        "price": "0.00720000",
        "qty": "47215.90000000",
        "quoteQty": "339.95448000",
        "time": 1629946309288,
        "isBuyerMaker": true,
        "isBestMatch": true
    },
    {
        "id": 7016740,
        "price": "0.00720000",
        "qty": "140296.00000000",
        "quoteQty": "1010.13120000",
        "time": 1629946309288,
        "isBuyerMaker": true,
        "isBestMatch": true
    },
    {
        "id": 7016741,
        "price": "0.00720000",
        "qty": "18706.10000000",
        "quoteQty": "134.68392000",
        "time": 1629946309288,
        "isBuyerMaker": true,
        "isBestMatch": true
    },
    {
        "id": 7016742,
        "price": "0.00720000",
        "qty": "105221.90000000",
        "quoteQty": "757.59768000",
        "time": 1629946309288,
        "isBuyerMaker": true,
        "isBestMatch": true
    },
    {
        "id": 7016743,
        "price": "0.00720000",
        "qty": "21361.20000000",
        "quoteQty": "153.80064000",
        "time": 1629946309297,
        "isBuyerMaker": false,
        "isBestMatch": true
    },
    {
        "id": 7016744,
        "price": "0.00720000",
        "qty": "1152175.50000000",
        "quoteQty": "8295.66360000",
        "time": 1629946309310,
        "isBuyerMaker": false,
        "isBestMatch": true
    },
    {
        "id": 7016745,
        "price": "0.00720000",
        "qty": "2000000.00000000",
        "quoteQty": "14400.00000000",
        "time": 1629946309311,
        "isBuyerMaker": false,
        "isBestMatch": true
    },
    {
        "id": 7016746,
        "price": "0.00720000",
        "qty": "234151.70000000",
        "quoteQty": "1685.89224000",
        "time": 1629946309319,
        "isBuyerMaker": false,
        "isBestMatch": true
    },
    {
        "id": 7016747,
        "price": "0.00721000",
        "qty": "200200.00000000",
        "quoteQty": "1443.44200000",
        "time": 1629946334452,
        "isBuyerMaker": false,
        "isBestMatch": true
    },
    {
        "id": 7016748,
        "price": "0.00721000",
        "qty": "1080018.00000000",
        "quoteQty": "7786.92978000",
        "time": 1629946334463,
        "isBuyerMaker": true,
        "isBestMatch": true
    },
    {
        "id": 7016749,
        "price": "0.00721000",
        "qty": "35600.00000000",
        "quoteQty": "256.67600000",
        "time": 1629946334513,
        "isBuyerMaker": true,
        "isBestMatch": true
    },
    {
        "id": 7016750,
        "price": "0.00721000",
        "qty": "302841.80000000",
        "quoteQty": "2183.48937800",
        "time": 1629946358809,
        "isBuyerMaker": true,
        "isBestMatch": true
    },
    {
        "id": 7016751,
        "price": "0.00721000",
        "qty": "307920.90000000",
        "quoteQty": "2220.10968900",
        "time": 1629946358831,
        "isBuyerMaker": true,
        "isBestMatch": true
    },
    {
        "id": 7016752,
        "price": "0.00722000",
        "qty": "206942.10000000",
        "quoteQty": "1494.12196200",
        "time": 1629946374321,
        "isBuyerMaker": true,
        "isBestMatch": true
    },
    {
        "id": 7016753,
        "price": "0.00721000",
        "qty": "241597.10000000",
        "quoteQty": "1741.91509100",
        "time": 1629946382062,
        "isBuyerMaker": false,
        "isBestMatch": true
    },
    {
        "id": 7016754,
        "price": "0.00721000",
        "qty": "84719.70000000",
        "quoteQty": "610.82903700",
        "time": 1629947266260,
        "isBuyerMaker": false,
        "isBestMatch": true
    },
    {
        "id": 7016755,
        "price": "0.00721000",
        "qty": "161347.00000000",
        "quoteQty": "1163.31187000",
        "time": 1629947266362,
        "isBuyerMaker": true,
        "isBestMatch": true
    },
    {
        "id": 7016756,
        "price": "0.00719000",
        "qty": "14398.60000000",
        "quoteQty": "103.52593400",
        "time": 1629947274311,
        "isBuyerMaker": true,
        "isBestMatch": true
    },
    {
        "id": 7016757,
        "price": "0.00719000",
        "qty": "182268.00000000",
        "quoteQty": "1310.50692000",
        "time": 1629947274311,
        "isBuyerMaker": true,
        "isBestMatch": true
    },
    {
        "id": 7016758,
        "price": "0.00719000",
        "qty": "23926.60000000",
        "quoteQty": "172.03225400",
        "time": 1629947274311,
        "isBuyerMaker": true,
        "isBestMatch": true
    },
    {
        "id": 7016759,
        "price": "0.00719000",
        "qty": "419437.70000000",
        "quoteQty": "3015.75706300",
        "time": 1629947274311,
        "isBuyerMaker": true,
        "isBestMatch": true
    },
    {
        "id": 7016760,
        "price": "0.00719000",
        "qty": "31690.80000000",
        "quoteQty": "227.85685200",
        "time": 1629947274311,
        "isBuyerMaker": true,
        "isBestMatch": true
    },
    {
        "id": 7016761,
        "price": "0.00719000",
        "qty": "75000.00000000",
        "quoteQty": "539.25000000",
        "time": 1629947274311,
        "isBuyerMaker": true,
        "isBestMatch": true
    },
    {
        "id": 7016762,
        "price": "0.00719000",
        "qty": "55999.30000000",
        "quoteQty": "402.63496700",
        "time": 1629947274311,
        "isBuyerMaker": true,
        "isBestMatch": true
    },
    {
        "id": 7016763,
        "price": "0.00720000",
        "qty": "178671.00000000",
        "quoteQty": "1286.43120000",
        "time": 1629947282145,
        "isBuyerMaker": true,
        "isBestMatch": true
    },
    {
        "id": 7016764,
        "price": "0.00719000",
        "qty": "0.70000000",
        "quoteQty": "0.00503300",
        "time": 1629947298049,
        "isBuyerMaker": true,
        "isBestMatch": true
    },
    {
        "id": 7016765,
        "price": "0.00718000",
        "qty": "245320.80000000",
        "quoteQty": "1761.40334400",
        "time": 1629947305495,
        "isBuyerMaker": true,
        "isBestMatch": true
    },
    {
        "id": 7016766,
        "price": "0.00718000",
        "qty": "69955.80000000",
        "quoteQty": "502.28264400",
        "time": 1629947305495,
        "isBuyerMaker": true,
        "isBestMatch": true
    },
    {
        "id": 7016767,
        "price": "0.00718000",
        "qty": "23318.60000000",
        "quoteQty": "167.42754800",
        "time": 1629947305495,
        "isBuyerMaker": true,
        "isBestMatch": true
    },
    {
        "id": 7016768,
        "price": "0.00718000",
        "qty": "26231.00000000",
        "quoteQty": "188.33858000",
        "time": 1629947305495,
        "isBuyerMaker": true,
        "isBestMatch": true
    },
    {
        "id": 7016769,
        "price": "0.00718000",
        "qty": "269839.20000000",
        "quoteQty": "1937.44545600",
        "time": 1629947305495,
        "isBuyerMaker": true,
        "isBestMatch": true
    },
    {
        "id": 7016770,
        "price": "0.00718000",
        "qty": "17409.50000000",
        "quoteQty": "125.00021000",
        "time": 1629947305495,
        "isBuyerMaker": true,
        "isBestMatch": true
    },
    {
        "id": 7016771,
        "price": "0.00717000",
        "qty": "14398.60000000",
        "quoteQty": "103.23796200",
        "time": 1629947313633,
        "isBuyerMaker": true,
        "isBestMatch": true
    },
    {
        "id": 7016772,
        "price": "0.00717000",
        "qty": "138586.10000000",
        "quoteQty": "993.66233700",
        "time": 1629947313633,
        "isBuyerMaker": true,
        "isBestMatch": true
    },
    {
        "id": 7016773,
        "price": "0.00718000",
        "qty": "94212.10000000",
        "quoteQty": "676.44287800",
        "time": 1629947319205,
        "isBuyerMaker": false,
        "isBestMatch": true
    },
    {
        "id": 7016774,
        "price": "0.00718000",
        "qty": "112819.20000000",
        "quoteQty": "810.04185600",
        "time": 1629947342708,
        "isBuyerMaker": false,
        "isBestMatch": true
    },
    {
        "id": 7016775,
        "price": "0.00718000",
        "qty": "100404.50000000",
        "quoteQty": "720.90431000",
        "time": 1629947358756,
        "isBuyerMaker": false,
        "isBestMatch": true
    },
    {
        "id": 7016776,
        "price": "0.00718000",
        "qty": "139429.40000000",
        "quoteQty": "1001.10309200",
        "time": 1629947367489,
        "isBuyerMaker": false,
        "isBestMatch": true
    },
    {
        "id": 7016777,
        "price": "0.00718000",
        "qty": "828848.10000000",
        "quoteQty": "5951.12935800",
        "time": 1629947383601,
        "isBuyerMaker": false,
        "isBestMatch": true
    },
    {
        "id": 7016778,
        "price": "0.00718000",
        "qty": "903607.30000000",
        "quoteQty": "6487.90041400",
        "time": 1629947403753,
        "isBuyerMaker": false,
        "isBestMatch": true
    },
    {
        "id": 7016779,
        "price": "0.00718000",
        "qty": "940156.50000000",
        "quoteQty": "6750.32367000",
        "time": 1629947419668,
        "isBuyerMaker": false,
        "isBestMatch": true
    },
    {
        "id": 7016780,
        "price": "0.00718000",
        "qty": "622352.70000000",
        "quoteQty": "4468.49238600",
        "time": 1629947428051,
        "isBuyerMaker": false,
        "isBestMatch": true
    },
    {
        "id": 7016781,
        "price": "0.00717000",
        "qty": "24872.10000000",
        "quoteQty": "178.33295700",
        "time": 1629947790525,
        "isBuyerMaker": true,
        "isBestMatch": true
    },
    {
        "id": 7016782,
        "price": "0.00717000",
        "qty": "19318.20000000",
        "quoteQty": "138.51149400",
        "time": 1629948342999,
        "isBuyerMaker": true,
        "isBestMatch": true
    },
    {
        "id": 7016783,
        "price": "0.00717000",
        "qty": "17008.80000000",
        "quoteQty": "121.95309600",
        "time": 1629948342999,
        "isBuyerMaker": true,
        "isBestMatch": true
    },
    {
        "id": 7016784,
        "price": "0.00720000",
        "qty": "14398.60000000",
        "quoteQty": "103.66992000",
        "time": 1629948903119,
        "isBuyerMaker": false,
        "isBestMatch": true
    },
    {
        "id": 7016785,
        "price": "0.00717000",
        "qty": "35600.00000000",
        "quoteQty": "255.25200000",
        "time": 1629949374770,
        "isBuyerMaker": true,
        "isBestMatch": true
    },
    {
        "id": 7016786,
        "price": "0.00717000",
        "qty": "21892.60000000",
        "quoteQty": "156.96994200",
        "time": 1629949380747,
        "isBuyerMaker": true,
        "isBestMatch": true
    },
    {
        "id": 7016787,
        "price": "0.00717000",
        "qty": "56004.20000000",
        "quoteQty": "401.55011400",
        "time": 1629949380747,
        "isBuyerMaker": true,
        "isBestMatch": true
    },
    {
        "id": 7016788,
        "price": "0.00717000",
        "qty": "15326.30000000",
        "quoteQty": "109.88957100",
        "time": 1629949380747,
        "isBuyerMaker": true,
        "isBestMatch": true
    },
    {
        "id": 7016789,
        "price": "0.00717000",
        "qty": "14398.60000000",
        "quoteQty": "103.23796200",
        "time": 1629949380747,
        "isBuyerMaker": true,
        "isBestMatch": true
    },
    {
        "id": 7016790,
        "price": "0.00718000",
        "qty": "170473.30000000",
        "quoteQty": "1223.99829400",
        "time": 1629949380788,
        "isBuyerMaker": false,
        "isBestMatch": true
    },
    {
        "id": 7016791,
        "price": "0.00717000",
        "qty": "74423.00000000",
        "quoteQty": "533.61291000",
        "time": 1629949390252,
        "isBuyerMaker": false,
        "isBestMatch": true
    },
    {
        "id": 7016792,
        "price": "0.00717000",
        "qty": "140853.50000000",
        "quoteQty": "1009.91959500",
        "time": 1629949414638,
        "isBuyerMaker": false,
        "isBestMatch": true
    },
    {
        "id": 7016793,
        "price": "0.00716000",
        "qty": "200200.00000000",
        "quoteQty": "1433.43200000",
        "time": 1629949431111,
        "isBuyerMaker": true,
        "isBestMatch": true
    },
    {
        "id": 7016794,
        "price": "0.00716000",
        "qty": "139439.60000000",
        "quoteQty": "998.38753600",
        "time": 1629949431111,
        "isBuyerMaker": true,
        "isBestMatch": true
    },
    {
        "id": 7016795,
        "price": "0.00716000",
        "qty": "234003.30000000",
        "quoteQty": "1675.46362800",
        "time": 1629949431111,
        "isBuyerMaker": true,
        "isBestMatch": true
    },
    {
        "id": 7016796,
        "price": "0.00716000",
        "qty": "508633.10000000",
        "quoteQty": "3641.81299600",
        "time": 1629949431111,
        "isBuyerMaker": true,
        "isBestMatch": true
    },
    {
        "id": 7016797,
        "price": "0.00716000",
        "qty": "52585.30000000",
        "quoteQty": "376.51074800",
        "time": 1629949445109,
        "isBuyerMaker": true,
        "isBestMatch": true
    },
    {
        "id": 7016798,
        "price": "0.00716000",
        "qty": "297291.00000000",
        "quoteQty": "2128.60356000",
        "time": 1629949445109,
        "isBuyerMaker": true,
        "isBestMatch": true
    },
    {
        "id": 7016799,
        "price": "0.00716000",
        "qty": "145263.00000000",
        "quoteQty": "1040.08308000",
        "time": 1629949447089,
        "isBuyerMaker": true,
        "isBestMatch": true
    },
    {
        "id": 7016800,
        "price": "0.00716000",
        "qty": "98472.00000000",
        "quoteQty": "705.05952000",
        "time": 1629949480465,
        "isBuyerMaker": true,
        "isBestMatch": true
    },
    {
        "id": 7016801,
        "price": "0.00716000",
        "qty": "104936.60000000",
        "quoteQty": "751.34605600",
        "time": 1629949485034,
        "isBuyerMaker": true,
        "isBestMatch": true
    },
    {
        "id": 7016802,
        "price": "0.00716000",
        "qty": "74829.10000000",
        "quoteQty": "535.77635600",
        "time": 1629949485034,
        "isBuyerMaker": true,
        "isBestMatch": true
    },
    {
        "id": 7016803,
        "price": "0.00716000",
        "qty": "40672.90000000",
        "quoteQty": "291.21796400",
        "time": 1629949485034,
        "isBuyerMaker": true,
        "isBestMatch": true
    },
    {
        "id": 7016804,
        "price": "0.00716000",
        "qty": "13980.40000000",
        "quoteQty": "100.09966400",
        "time": 1629949485034,
        "isBuyerMaker": true,
        "isBestMatch": true
    },
    {
        "id": 7016805,
        "price": "0.00716000",
        "qty": "102384.40000000",
        "quoteQty": "733.07230400",
        "time": 1629949485034,
        "isBuyerMaker": true,
        "isBestMatch": true
    },
    {
        "id": 7016806,
        "price": "0.00716000",
        "qty": "232593.60000000",
        "quoteQty": "1665.37017600",
        "time": 1629949495812,
        "isBuyerMaker": true,
        "isBestMatch": true
    },
    {
        "id": 7016807,
        "price": "0.00716000",
        "qty": "193486.50000000",
        "quoteQty": "1385.36334000",
        "time": 1629949496036,
        "isBuyerMaker": false,
        "isBestMatch": true
    },
    {
        "id": 7016808,
        "price": "0.00717000",
        "qty": "234554.10000000",
        "quoteQty": "1681.75289700",
        "time": 1629949530801,
        "isBuyerMaker": false,
        "isBestMatch": true
    },
    {
        "id": 7016809,
        "price": "0.00716000",
        "qty": "200200.00000000",
        "quoteQty": "1433.43200000",
        "time": 1629949531280,
        "isBuyerMaker": true,
        "isBestMatch": true
    },
    {
        "id": 7016810,
        "price": "0.00716000",
        "qty": "81239.30000000",
        "quoteQty": "581.67338800",
        "time": 1629949554802,
        "isBuyerMaker": false,
        "isBestMatch": true
    },
    {
        "id": 7016811,
        "price": "0.00717000",
        "qty": "142113.20000000",
        "quoteQty": "1018.95164400",
        "time": 1629949562462,
        "isBuyerMaker": false,
        "isBestMatch": true
    },
    {
        "id": 7016812,
        "price": "0.00716000",
        "qty": "70996.90000000",
        "quoteQty": "508.33780400",
        "time": 1629949562595,
        "isBuyerMaker": false,
        "isBestMatch": true
    },
    {
        "id": 7016813,
        "price": "0.00715000",
        "qty": "15900.00000000",
        "quoteQty": "113.68500000",
        "time": 1629949585872,
        "isBuyerMaker": true,
        "isBestMatch": true
    },
    {
        "id": 7016814,
        "price": "0.00715000",
        "qty": "32370.20000000",
        "quoteQty": "231.44693000",
        "time": 1629949585872,
        "isBuyerMaker": true,
        "isBestMatch": true
    },
    {
        "id": 7016815,
        "price": "0.00715000",
        "qty": "15217.80000000",
        "quoteQty": "108.80727000",
        "time": 1629949585872,
        "isBuyerMaker": true,
        "isBestMatch": true
    },
    {
        "id": 7016816,
        "price": "0.00715000",
        "qty": "28100.30000000",
        "quoteQty": "200.91714500",
        "time": 1629949585872,
        "isBuyerMaker": true,
        "isBestMatch": true
    },
    {
        "id": 7016817,
        "price": "0.00715000",
        "qty": "39653.40000000",
        "quoteQty": "283.52181000",
        "time": 1629949585872,
        "isBuyerMaker": true,
        "isBestMatch": true
    },
    {
        "id": 7016818,
        "price": "0.00715000",
        "qty": "141000.10000000",
        "quoteQty": "1008.15071500",
        "time": 1629949880799,
        "isBuyerMaker": true,
        "isBestMatch": true
    },
    {
        "id": 7016819,
        "price": "0.00717000",
        "qty": "104312.40000000",
        "quoteQty": "747.91990800",
        "time": 1629949893370,
        "isBuyerMaker": false,
        "isBestMatch": true
    },
    {
        "id": 7016820,
        "price": "0.00717000",
        "qty": "24847.30000000",
        "quoteQty": "178.15514100",
        "time": 1629949906149,
        "isBuyerMaker": false,
        "isBestMatch": true
    },
    {
        "id": 7016821,
        "price": "0.00717000",
        "qty": "133487.20000000",
        "quoteQty": "957.10322400",
        "time": 1629949907130,
        "isBuyerMaker": false,
        "isBestMatch": true
    },
    {
        "id": 7016822,
        "price": "0.00717000",
        "qty": "149291.50000000",
        "quoteQty": "1070.42005500",
        "time": 1629949926040,
        "isBuyerMaker": false,
        "isBestMatch": true
    },
    {
        "id": 7016823,
        "price": "0.00717000",
        "qty": "134606.00000000",
        "quoteQty": "965.12502000",
        "time": 1629949934430,
        "isBuyerMaker": false,
        "isBestMatch": true
    },
    {
        "id": 7016824,
        "price": "0.00717000",
        "qty": "98962.20000000",
        "quoteQty": "709.55897400",
        "time": 1629949934568,
        "isBuyerMaker": true,
        "isBestMatch": true
    },
    {
        "id": 7016825,
        "price": "0.00717000",
        "qty": "188051.70000000",
        "quoteQty": "1348.33068900",
        "time": 1629949956241,
        "isBuyerMaker": false,
        "isBestMatch": true
    },
    {
        "id": 7016826,
        "price": "0.00717000",
        "qty": "178588.60000000",
        "quoteQty": "1280.48026200",
        "time": 1629949964564,
        "isBuyerMaker": false,
        "isBestMatch": true
    },
    {
        "id": 7016827,
        "price": "0.00717000",
        "qty": "212189.00000000",
        "quoteQty": "1521.39513000",
        "time": 1629949964731,
        "isBuyerMaker": true,
        "isBestMatch": true
    },
    {
        "id": 7016828,
        "price": "0.00717000",
        "qty": "134799.10000000",
        "quoteQty": "966.50954700",
        "time": 1629949971429,
        "isBuyerMaker": false,
        "isBestMatch": true
    },
    {
        "id": 7016829,
        "price": "0.00715000",
        "qty": "133932.50000000",
        "quoteQty": "957.61737500",
        "time": 1629949986960,
        "isBuyerMaker": true,
        "isBestMatch": true
    },
    {
        "id": 7016830,
        "price": "0.00714000",
        "qty": "14398.60000000",
        "quoteQty": "102.80600400",
        "time": 1629950005990,
        "isBuyerMaker": true,
        "isBestMatch": true
    },
    {
        "id": 7016831,
        "price": "0.00714000",
        "qty": "183544.30000000",
        "quoteQty": "1310.50630200",
        "time": 1629950005990,
        "isBuyerMaker": true,
        "isBestMatch": true
    },
    {
        "id": 7016832,
        "price": "0.00714000",
        "qty": "7166.80000000",
        "quoteQty": "51.17095200",
        "time": 1629950005990,
        "isBuyerMaker": true,
        "isBestMatch": true
    },
    {
        "id": 7016833,
        "price": "0.00715000",
        "qty": "20238.30000000",
        "quoteQty": "144.70384500",
        "time": 1629950009515,
        "isBuyerMaker": false,
        "isBestMatch": true
    },
    {
        "id": 7016834,
        "price": "0.00715000",
        "qty": "68329.70000000",
        "quoteQty": "488.55735500",
        "time": 1629950009519,
        "isBuyerMaker": false,
        "isBestMatch": true
    },
    {
        "id": 7016835,
        "price": "0.00716000",
        "qty": "94725.10000000",
        "quoteQty": "678.23171600",
        "time": 1629950055385,
        "isBuyerMaker": false,
        "isBestMatch": true
    },
    {
        "id": 7016836,
        "price": "0.00716000",
        "qty": "169874.60000000",
        "quoteQty": "1216.30213600",
        "time": 1629950071295,
        "isBuyerMaker": false,
        "isBestMatch": true
    },
    {
        "id": 7016837,
        "price": "0.00716000",
        "qty": "76548.50000000",
        "quoteQty": "548.08726000",
        "time": 1629950088024,
        "isBuyerMaker": false,
        "isBestMatch": true
    },
    {
        "id": 7016838,
        "price": "0.00716000",
        "qty": "272252.70000000",
        "quoteQty": "1949.32933200",
        "time": 1629950095847,
        "isBuyerMaker": false,
        "isBestMatch": true
    },
    {
        "id": 7016839,
        "price": "0.00716000",
        "qty": "22133.30000000",
        "quoteQty": "158.47442800",
        "time": 1629950095852,
        "isBuyerMaker": false,
        "isBestMatch": true
    },
    {
        "id": 7016840,
        "price": "0.00716000",
        "qty": "156358.70000000",
        "quoteQty": "1119.52829200",
        "time": 1629950104360,
        "isBuyerMaker": false,
        "isBestMatch": true
    },
    {
        "id": 7016841,
        "price": "0.00717000",
        "qty": "14398.60000000",
        "quoteQty": "103.23796200",
        "time": 1629950111498,
        "isBuyerMaker": false,
        "isBestMatch": true
    },
    {
        "id": 7016842,
        "price": "0.00717000",
        "qty": "134647.30000000",
        "quoteQty": "965.42114100",
        "time": 1629950129395,
        "isBuyerMaker": false,
        "isBestMatch": true
    },
    {
        "id": 7016843,
        "price": "0.00717000",
        "qty": "247404.50000000",
        "quoteQty": "1773.89026500",
        "time": 1629950154815,
        "isBuyerMaker": false,
        "isBestMatch": true
    },
    {
        "id": 7016844,
        "price": "0.00717000",
        "qty": "246387.10000000",
        "quoteQty": "1766.59550700",
        "time": 1629950163447,
        "isBuyerMaker": true,
        "isBestMatch": true
    },
    {
        "id": 7016845,
        "price": "0.00717000",
        "qty": "210330.40000000",
        "quoteQty": "1508.06896800",
        "time": 1629950180366,
        "isBuyerMaker": false,
        "isBestMatch": true
    },
    {
        "id": 7016846,
        "price": "0.00717000",
        "qty": "184893.00000000",
        "quoteQty": "1325.68281000",
        "time": 1629950196449,
        "isBuyerMaker": true,
        "isBestMatch": true
    },
    {
        "id": 7016847,
        "price": "0.00716000",
        "qty": "200200.00000000",
        "quoteQty": "1433.43200000",
        "time": 1629950199571,
        "isBuyerMaker": true,
        "isBestMatch": true
    },
    {
        "id": 7016848,
        "price": "0.00715000",
        "qty": "284306.60000000",
        "quoteQty": "2032.79219000",
        "time": 1629950213384,
        "isBuyerMaker": false,
        "isBestMatch": true
    },
    {
        "id": 7016849,
        "price": "0.00715000",
        "qty": "184074.00000000",
        "quoteQty": "1316.12910000",
        "time": 1629950225881,
        "isBuyerMaker": false,
        "isBestMatch": true
    },
    {
        "id": 7016850,
        "price": "0.00715000",
        "qty": "244356.60000000",
        "quoteQty": "1747.14969000",
        "time": 1629950239090,
        "isBuyerMaker": true,
        "isBestMatch": true
    },
    {
        "id": 7016851,
        "price": "0.00715000",
        "qty": "162727.30000000",
        "quoteQty": "1163.50019500",
        "time": 1629950247360,
        "isBuyerMaker": true,
        "isBestMatch": true
    },
    {
        "id": 7016852,
        "price": "0.00715000",
        "qty": "102613.40000000",
        "quoteQty": "733.68581000",
        "time": 1629950247934,
        "isBuyerMaker": false,
        "isBestMatch": true
    },
    {
        "id": 7016853,
        "price": "0.00716000",
        "qty": "321529.60000000",
        "quoteQty": "2302.15193600",
        "time": 1629950263878,
        "isBuyerMaker": true,
        "isBestMatch": true
    },
    {
        "id": 7016854,
        "price": "0.00715000",
        "qty": "202841.70000000",
        "quoteQty": "1450.31815500",
        "time": 1629950272284,
        "isBuyerMaker": false,
        "isBestMatch": true
    },
    {
        "id": 7016855,
        "price": "0.00715000",
        "qty": "68958.80000000",
        "quoteQty": "493.05542000",
        "time": 1629950287769,
        "isBuyerMaker": false,
        "isBestMatch": true
    },
    {
        "id": 7016856,
        "price": "0.00715000",
        "qty": "80306.30000000",
        "quoteQty": "574.19004500",
        "time": 1629950287789,
        "isBuyerMaker": false,
        "isBestMatch": true
    },
    {
        "id": 7016857,
        "price": "0.00715000",
        "qty": "156307.00000000",
        "quoteQty": "1117.59505000",
        "time": 1629950315307,
        "isBuyerMaker": false,
        "isBestMatch": true
    },
    {
        "id": 7016858,
        "price": "0.00715000",
        "qty": "233615.10000000",
        "quoteQty": "1670.34796500",
        "time": 1629950370071,
        "isBuyerMaker": false,
        "isBestMatch": true
    },
    {
        "id": 7016859,
        "price": "0.00716000",
        "qty": "316000.00000000",
        "quoteQty": "2262.56000000",
        "time": 1629950426412,
        "isBuyerMaker": false,
        "isBestMatch": true
    },
    {
        "id": 7016860,
        "price": "0.00716000",
        "qty": "301237.60000000",
        "quoteQty": "2156.86121600",
        "time": 1629950444160,
        "isBuyerMaker": false,
        "isBestMatch": true
    },
    {
        "id": 7016861,
        "price": "0.00716000",
        "qty": "132824.40000000",
        "quoteQty": "951.02270400",
        "time": 1629950452367,
        "isBuyerMaker": false,
        "isBestMatch": true
    },
    {
        "id": 7016862,
        "price": "0.00717000",
        "qty": "220037.40000000",
        "quoteQty": "1577.66815800",
        "time": 1629950519702,
        "isBuyerMaker": false,
        "isBestMatch": true
    },
    {
        "id": 7016863,
        "price": "0.00718000",
        "qty": "23570.60000000",
        "quoteQty": "169.23690800",
        "time": 1629951031456,
        "isBuyerMaker": false,
        "isBestMatch": true
    },
    {
        "id": 7016864,
        "price": "0.00715000",
        "qty": "23570.60000000",
        "quoteQty": "168.52979000",
        "time": 1629951044990,
        "isBuyerMaker": true,
        "isBestMatch": true
    },
    {
        "id": 7016865,
        "price": "0.00718000",
        "qty": "159973.70000000",
        "quoteQty": "1148.61116600",
        "time": 1629951072294,
        "isBuyerMaker": false,
        "isBestMatch": true
    },
    {
        "id": 7016866,
        "price": "0.00717000",
        "qty": "510827.30000000",
        "quoteQty": "3662.63174100",
        "time": 1629951072327,
        "isBuyerMaker": false,
        "isBestMatch": true
    },
    {
        "id": 7016867,
        "price": "0.00718000",
        "qty": "726764.30000000",
        "quoteQty": "5218.16767400",
        "time": 1629951080610,
        "isBuyerMaker": false,
        "isBestMatch": true
    },
    {
        "id": 7016868,
        "price": "0.00718000",
        "qty": "181160.30000000",
        "quoteQty": "1300.73095400",
        "time": 1629951080699,
        "isBuyerMaker": true,
        "isBestMatch": true
    },
    {
        "id": 7016869,
        "price": "0.00718000",
        "qty": "296262.30000000",
        "quoteQty": "2127.16331400",
        "time": 1629951087297,
        "isBuyerMaker": false,
        "isBestMatch": true
    },
    {
        "id": 7016870,
        "price": "0.00719000",
        "qty": "200200.00000000",
        "quoteQty": "1439.43800000",
        "time": 1629951103236,
        "isBuyerMaker": false,
        "isBestMatch": true
    },
    {
        "id": 7016871,
        "price": "0.00719000",
        "qty": "55632.80000000",
        "quoteQty": "399.99983200",
        "time": 1629951103236,
        "isBuyerMaker": false,
        "isBestMatch": true
    },
    {
        "id": 7016872,
        "price": "0.00719000",
        "qty": "56000.00000000",
        "quoteQty": "402.64000000",
        "time": 1629951103236,
        "isBuyerMaker": false,
        "isBestMatch": true
    },
    {
        "id": 7016873,
        "price": "0.00719000",
        "qty": "31869.90000000",
        "quoteQty": "229.14458100",
        "time": 1629951103236,
        "isBuyerMaker": false,
        "isBestMatch": true
    },
    {
        "id": 7016874,
        "price": "0.00718000",
        "qty": "807283.10000000",
        "quoteQty": "5796.29265800",
        "time": 1629951117905,
        "isBuyerMaker": false,
        "isBestMatch": true
    },
    {
        "id": 7016875,
        "price": "0.00718000",
        "qty": "624527.70000000",
        "quoteQty": "4484.10888600",
        "time": 1629951150829,
        "isBuyerMaker": false,
        "isBestMatch": true
    },
    {
        "id": 7016876,
        "price": "0.00718000",
        "qty": "525678.00000000",
        "quoteQty": "3774.36804000",
        "time": 1629951176121,
        "isBuyerMaker": false,
        "isBestMatch": true
    },
    {
        "id": 7016877,
        "price": "0.00718000",
        "qty": "829043.60000000",
        "quoteQty": "5952.53304800",
        "time": 1629951192460,
        "isBuyerMaker": false,
        "isBestMatch": true
    },
    {
        "id": 7016878,
        "price": "0.00718000",
        "qty": "395156.70000000",
        "quoteQty": "2837.22510600",
        "time": 1629951200317,
        "isBuyerMaker": false,
        "isBestMatch": true
    },
    {
        "id": 7016879,
        "price": "0.00718000",
        "qty": "217908.20000000",
        "quoteQty": "1564.58087600",
        "time": 1629951209625,
        "isBuyerMaker": false,
        "isBestMatch": true
    },
    {
        "id": 7016880,
        "price": "0.00718000",
        "qty": "531466.70000000",
        "quoteQty": "3815.93090600",
        "time": 1629951217860,
        "isBuyerMaker": false,
        "isBestMatch": true
    },
    {
        "id": 7016881,
        "price": "0.00718000",
        "qty": "303209.20000000",
        "quoteQty": "2177.04205600",
        "time": 1629951283601,
        "isBuyerMaker": false,
        "isBestMatch": true
    },
    {
        "id": 7016882,
        "price": "0.00718000",
        "qty": "156350.20000000",
        "quoteQty": "1122.59443600",
        "time": 1629951293029,
        "isBuyerMaker": false,
        "isBestMatch": true
    },
    {
        "id": 7016883,
        "price": "0.00718000",
        "qty": "258018.70000000",
        "quoteQty": "1852.57426600",
        "time": 1629951293033,
        "isBuyerMaker": false,
        "isBestMatch": true
    },
    {
        "id": 7016884,
        "price": "0.00718000",
        "qty": "164835.70000000",
        "quoteQty": "1183.52032600",
        "time": 1629951302023,
        "isBuyerMaker": false,
        "isBestMatch": true
    },
    {
        "id": 7016885,
        "price": "0.00718000",
        "qty": "134147.30000000",
        "quoteQty": "963.17761400",
        "time": 1629951302686,
        "isBuyerMaker": false,
        "isBestMatch": true
    },
    {
        "id": 7016886,
        "price": "0.00718000",
        "qty": "203012.60000000",
        "quoteQty": "1457.63046800",
        "time": 1629951317396,
        "isBuyerMaker": false,
        "isBestMatch": true
    },
    {
        "id": 7016887,
        "price": "0.00718000",
        "qty": "504722.30000000",
        "quoteQty": "3623.90611400",
        "time": 1629951325708,
        "isBuyerMaker": false,
        "isBestMatch": true
    },
    {
        "id": 7016888,
        "price": "0.00719000",
        "qty": "200200.00000000",
        "quoteQty": "1439.43800000",
        "time": 1629951334078,
        "isBuyerMaker": false,
        "isBestMatch": true
    },
    {
        "id": 7016889,
        "price": "0.00719000",
        "qty": "366763.70000000",
        "quoteQty": "2637.03100300",
        "time": 1629951334078,
        "isBuyerMaker": false,
        "isBestMatch": true
    },
    {
        "id": 7016890,
        "price": "0.00716000",
        "qty": "718832.00000000",
        "quoteQty": "5146.83712000",
        "time": 1629951365694,
        "isBuyerMaker": true,
        "isBestMatch": true
    },
    {
        "id": 7016891,
        "price": "0.00716000",
        "qty": "537591.40000000",
        "quoteQty": "3849.15442400",
        "time": 1629951381506,
        "isBuyerMaker": true,
        "isBestMatch": true
    },
    {
        "id": 7016892,
        "price": "0.00716000",
        "qty": "218169.10000000",
        "quoteQty": "1562.09075600",
        "time": 1629951406754,
        "isBuyerMaker": true,
        "isBestMatch": true
    },
    {
        "id": 7016893,
        "price": "0.00715000",
        "qty": "19184.60000000",
        "quoteQty": "137.16989000",
        "time": 1629951419433,
        "isBuyerMaker": true,
        "isBestMatch": true
    },
    {
        "id": 7016894,
        "price": "0.00715000",
        "qty": "600833.00000000",
        "quoteQty": "4295.95595000",
        "time": 1629951419564,
        "isBuyerMaker": true,
        "isBestMatch": true
    },
    {
        "id": 7016895,
        "price": "0.00715000",
        "qty": "614922.70000000",
        "quoteQty": "4396.69730500",
        "time": 1629951435989,
        "isBuyerMaker": false,
        "isBestMatch": true
    },
    {
        "id": 7016896,
        "price": "0.00715000",
        "qty": "253448.60000000",
        "quoteQty": "1812.15749000",
        "time": 1629951445275,
        "isBuyerMaker": false,
        "isBestMatch": true
    },
    {
        "id": 7016897,
        "price": "0.00716000",
        "qty": "501200.90000000",
        "quoteQty": "3588.59844400",
        "time": 1629951454165,
        "isBuyerMaker": false,
        "isBestMatch": true
    },
    {
        "id": 7016898,
        "price": "0.00715000",
        "qty": "226794.40000000",
        "quoteQty": "1621.57996000",
        "time": 1629951463587,
        "isBuyerMaker": false,
        "isBestMatch": true
    },
    {
        "id": 7016899,
        "price": "0.00714000",
        "qty": "35600.00000000",
        "quoteQty": "254.18400000",
        "time": 1629951473083,
        "isBuyerMaker": true,
        "isBestMatch": true
    },
    {
        "id": 7016900,
        "price": "0.00715000",
        "qty": "748728.80000000",
        "quoteQty": "5353.41092000",
        "time": 1629951487729,
        "isBuyerMaker": true,
        "isBestMatch": true
    },
    {
        "id": 7016901,
        "price": "0.00715000",
        "qty": "793865.00000000",
        "quoteQty": "5676.13475000",
        "time": 1629951496990,
        "isBuyerMaker": false,
        "isBestMatch": true
    },
    {
        "id": 7016902,
        "price": "0.00715000",
        "qty": "229462.10000000",
        "quoteQty": "1640.65401500",
        "time": 1629951505167,
        "isBuyerMaker": true,
        "isBestMatch": true
    },
    {
        "id": 7016903,
        "price": "0.00715000",
        "qty": "301389.70000000",
        "quoteQty": "2154.93635500",
        "time": 1629951520991,
        "isBuyerMaker": true,
        "isBestMatch": true
    },
    {
        "id": 7016904,
        "price": "0.00715000",
        "qty": "587380.20000000",
        "quoteQty": "4199.76843000",
        "time": 1629951545956,
        "isBuyerMaker": true,
        "isBestMatch": true
    },
    {
        "id": 7016905,
        "price": "0.00715000",
        "qty": "608403.20000000",
        "quoteQty": "4350.08288000",
        "time": 1629951560274,
        "isBuyerMaker": false,
        "isBestMatch": true
    },
    {
        "id": 7016906,
        "price": "0.00715000",
        "qty": "600495.90000000",
        "quoteQty": "4293.54568500",
        "time": 1629951568407,
        "isBuyerMaker": false,
        "isBestMatch": true
    },
    {
        "id": 7016907,
        "price": "0.00715000",
        "qty": "256492.60000000",
        "quoteQty": "1833.92209000",
        "time": 1629951631570,
        "isBuyerMaker": true,
        "isBestMatch": true
    },
    {
        "id": 7016908,
        "price": "0.00715000",
        "qty": "366580.90000000",
        "quoteQty": "2621.05343500",
        "time": 1629951662813,
        "isBuyerMaker": true,
        "isBestMatch": true
    },
    {
        "id": 7016909,
        "price": "0.00715000",
        "qty": "679442.90000000",
        "quoteQty": "4858.01673500",
        "time": 1629951680680,
        "isBuyerMaker": false,
        "isBestMatch": true
    },
    {
        "id": 7016910,
        "price": "0.00715000",
        "qty": "280370.00000000",
        "quoteQty": "2004.64550000",
        "time": 1629951698392,
        "isBuyerMaker": true,
        "isBestMatch": true
    },
    {
        "id": 7016911,
        "price": "0.00715000",
        "qty": "494434.50000000",
        "quoteQty": "3535.20667500",
        "time": 1629951716208,
        "isBuyerMaker": true,
        "isBestMatch": true
    },
    {
        "id": 7016912,
        "price": "0.00715000",
        "qty": "310741.80000000",
        "quoteQty": "2221.80387000",
        "time": 1629951731494,
        "isBuyerMaker": true,
        "isBestMatch": true
    },
    {
        "id": 7016913,
        "price": "0.00715000",
        "qty": "799902.50000000",
        "quoteQty": "5719.30287500",
        "time": 1629951777072,
        "isBuyerMaker": false,
        "isBestMatch": true
    },
    {
        "id": 7016914,
        "price": "0.00714000",
        "qty": "7233.20000000",
        "quoteQty": "51.64504800",
        "time": 1629951811934,
        "isBuyerMaker": true,
        "isBestMatch": true
    },
    {
        "id": 7016915,
        "price": "0.00714000",
        "qty": "15476.90000000",
        "quoteQty": "110.50506600",
        "time": 1629951811934,
        "isBuyerMaker": true,
        "isBestMatch": true
    },
    {
        "id": 7016916,
        "price": "0.00714000",
        "qty": "17233.50000000",
        "quoteQty": "123.04719000",
        "time": 1629951811934,
        "isBuyerMaker": true,
        "isBestMatch": true
    },
    {
        "id": 7016917,
        "price": "0.00714000",
        "qty": "1223.20000000",
        "quoteQty": "8.73364800",
        "time": 1629951811934,
        "isBuyerMaker": true,
        "isBestMatch": true
    },
    {
        "id": 7016918,
        "price": "0.00715000",
        "qty": "483389.80000000",
        "quoteQty": "3456.23707000",
        "time": 1629951895702,
        "isBuyerMaker": true,
        "isBestMatch": true
    },
    {
        "id": 7016919,
        "price": "0.00715000",
        "qty": "328659.00000000",
        "quoteQty": "2349.91185000",
        "time": 1629951917716,
        "isBuyerMaker": false,
        "isBestMatch": true
    },
    {
        "id": 7016920,
        "price": "0.00715000",
        "qty": "105414.60000000",
        "quoteQty": "753.71439000",
        "time": 1629951927414,
        "isBuyerMaker": false,
        "isBestMatch": true
    },
    {
        "id": 7016921,
        "price": "0.00715000",
        "qty": "241791.10000000",
        "quoteQty": "1728.80636500",
        "time": 1629951939209,
        "isBuyerMaker": false,
        "isBestMatch": true
    },
    {
        "id": 7016922,
        "price": "0.00715000",
        "qty": "125143.00000000",
        "quoteQty": "894.77245000",
        "time": 1629951956213,
        "isBuyerMaker": false,
        "isBestMatch": true
    },
    {
        "id": 7016923,
        "price": "0.00715000",
        "qty": "303170.40000000",
        "quoteQty": "2167.66836000",
        "time": 1629951964513,
        "isBuyerMaker": false,
        "isBestMatch": true
    },
    {
        "id": 7016924,
        "price": "0.00715000",
        "qty": "176697.90000000",
        "quoteQty": "1263.38998500",
        "time": 1629951970425,
        "isBuyerMaker": false,
        "isBestMatch": true
    },
    {
        "id": 7016925,
        "price": "0.00715000",
        "qty": "179409.20000000",
        "quoteQty": "1282.77578000",
        "time": 1629951978720,
        "isBuyerMaker": false,
        "isBestMatch": true
    },
    {
        "id": 7016926,
        "price": "0.00715000",
        "qty": "332646.80000000",
        "quoteQty": "2378.42462000",
        "time": 1629952003037,
        "isBuyerMaker": false,
        "isBestMatch": true
    },
    {
        "id": 7016927,
        "price": "0.00715000",
        "qty": "198076.60000000",
        "quoteQty": "1416.24769000",
        "time": 1629952018293,
        "isBuyerMaker": false,
        "isBestMatch": true
    },
    {
        "id": 7016928,
        "price": "0.00715000",
        "qty": "139356.50000000",
        "quoteQty": "996.39897500",
        "time": 1629952064556,
        "isBuyerMaker": false,
        "isBestMatch": true
    },
    {
        "id": 7016929,
        "price": "0.00714000",
        "qty": "14971.30000000",
        "quoteQty": "106.89508200",
        "time": 1629952071976,
        "isBuyerMaker": true,
        "isBestMatch": true
    },
    {
        "id": 7016930,
        "price": "0.00714000",
        "qty": "70349.90000000",
        "quoteQty": "502.29828600",
        "time": 1629952071976,
        "isBuyerMaker": true,
        "isBestMatch": true
    },
    {
        "id": 7016931,
        "price": "0.00714000",
        "qty": "14678.80000000",
        "quoteQty": "104.80663200",
        "time": 1629952071976,
        "isBuyerMaker": true,
        "isBestMatch": true
    },
    {
        "id": 7016932,
        "price": "0.00715000",
        "qty": "353138.40000000",
        "quoteQty": "2524.93956000",
        "time": 1629952074601,
        "isBuyerMaker": false,
        "isBestMatch": true
    },
    {
        "id": 7016933,
        "price": "0.00715000",
        "qty": "328170.90000000",
        "quoteQty": "2346.42193500",
        "time": 1629952082973,
        "isBuyerMaker": false,
        "isBestMatch": true
    },
    {
        "id": 7016934,
        "price": "0.00715000",
        "qty": "159926.60000000",
        "quoteQty": "1143.47519000",
        "time": 1629952101802,
        "isBuyerMaker": false,
        "isBestMatch": true
    },
    {
        "id": 7016935,
        "price": "0.00715000",
        "qty": "480466.90000000",
        "quoteQty": "3435.33833500",
        "time": 1629952117505,
        "isBuyerMaker": false,
        "isBestMatch": true
    },
    {
        "id": 7016936,
        "price": "0.00715000",
        "qty": "119539.70000000",
        "quoteQty": "854.70885500",
        "time": 1629952170934,
        "isBuyerMaker": true,
        "isBestMatch": true
    },
    {
        "id": 7016937,
        "price": "0.00715000",
        "qty": "262882.20000000",
        "quoteQty": "1879.60773000",
        "time": 1629952182770,
        "isBuyerMaker": false,
        "isBestMatch": true
    },
    {
        "id": 7016938,
        "price": "0.00715000",
        "qty": "471342.50000000",
        "quoteQty": "3370.09887500",
        "time": 1629952208386,
        "isBuyerMaker": false,
        "isBestMatch": true
    },
    {
        "id": 7016939,
        "price": "0.00715000",
        "qty": "411620.00000000",
        "quoteQty": "2943.08300000",
        "time": 1629952240665,
        "isBuyerMaker": false,
        "isBestMatch": true
    },
    {
        "id": 7016940,
        "price": "0.00715000",
        "qty": "214573.90000000",
        "quoteQty": "1534.20338500",
        "time": 1629952292434,
        "isBuyerMaker": false,
        "isBestMatch": true
    },
    {
        "id": 7016941,
        "price": "0.00715000",
        "qty": "214528.00000000",
        "quoteQty": "1533.87520000",
        "time": 1629952309051,
        "isBuyerMaker": false,
        "isBestMatch": true
    },
    {
        "id": 7016942,
        "price": "0.00715000",
        "qty": "101673.10000000",
        "quoteQty": "726.96266500",
        "time": 1629952328302,
        "isBuyerMaker": false,
        "isBestMatch": true
    },
    {
        "id": 7016943,
        "price": "0.00715000",
        "qty": "122617.90000000",
        "quoteQty": "876.71798500",
        "time": 1629952341839,
        "isBuyerMaker": true,
        "isBestMatch": true
    },
    {
        "id": 7016944,
        "price": "0.00715000",
        "qty": "357275.20000000",
        "quoteQty": "2554.51768000",
        "time": 1629952349714,
        "isBuyerMaker": true,
        "isBestMatch": true
    },
    {
        "id": 7016945,
        "price": "0.00714000",
        "qty": "24487.30000000",
        "quoteQty": "174.83932200",
        "time": 1629952366403,
        "isBuyerMaker": true,
        "isBestMatch": true
    },
    {
        "id": 7016946,
        "price": "0.00714000",
        "qty": "117331.40000000",
        "quoteQty": "837.74619600",
        "time": 1629952366403,
        "isBuyerMaker": true,
        "isBestMatch": true
    },
    {
        "id": 7016947,
        "price": "0.00714000",
        "qty": "113032.80000000",
        "quoteQty": "807.05419200",
        "time": 1629952366403,
        "isBuyerMaker": true,
        "isBestMatch": true
    },
    {
        "id": 7016948,
        "price": "0.00714000",
        "qty": "21222.40000000",
        "quoteQty": "151.52793600",
        "time": 1629952366403,
        "isBuyerMaker": true,
        "isBestMatch": true
    },
    {
        "id": 7016949,
        "price": "0.00714000",
        "qty": "32875.60000000",
        "quoteQty": "234.73178400",
        "time": 1629952366403,
        "isBuyerMaker": true,
        "isBestMatch": true
    },
    {
        "id": 7016950,
        "price": "0.00714000",
        "qty": "18024.20000000",
        "quoteQty": "128.69278800",
        "time": 1629952366403,
        "isBuyerMaker": true,
        "isBestMatch": true
    },
    {
        "id": 7016951,
        "price": "0.00714000",
        "qty": "18837.40000000",
        "quoteQty": "134.49903600",
        "time": 1629952366403,
        "isBuyerMaker": true,
        "isBestMatch": true
    },
    {
        "id": 7016952,
        "price": "0.00714000",
        "qty": "44251.20000000",
        "quoteQty": "315.95356800",
        "time": 1629952366403,
        "isBuyerMaker": true,
        "isBestMatch": true
    },
    {
        "id": 7016953,
        "price": "0.00714000",
        "qty": "14398.60000000",
        "quoteQty": "102.80600400",
        "time": 1629952366403,
        "isBuyerMaker": true,
        "isBestMatch": true
    },
    {
        "id": 7016954,
        "price": "0.00714000",
        "qty": "183544.30000000",
        "quoteQty": "1310.50630200",
        "time": 1629952366403,
        "isBuyerMaker": true,
        "isBestMatch": true
    },
    {
        "id": 7016955,
        "price": "0.00714000",
        "qty": "55966.40000000",
        "quoteQty": "399.60009600",
        "time": 1629952366403,
        "isBuyerMaker": true,
        "isBestMatch": true
    },
    {
        "id": 7016956,
        "price": "0.00714000",
        "qty": "201042.70000000",
        "quoteQty": "1435.44487800",
        "time": 1629952366403,
        "isBuyerMaker": true,
        "isBestMatch": true
    },
    {
        "id": 7016957,
        "price": "0.00715000",
        "qty": "446032.80000000",
        "quoteQty": "3189.13452000",
        "time": 1629952366511,
        "isBuyerMaker": false,
        "isBestMatch": true
    },
    {
        "id": 7016958,
        "price": "0.00715000",
        "qty": "178039.60000000",
        "quoteQty": "1272.98314000",
        "time": 1629952366608,
        "isBuyerMaker": true,
        "isBestMatch": true
    },
    {
        "id": 7016959,
        "price": "0.00714000",
        "qty": "122436.50000000",
        "quoteQty": "874.19661000",
        "time": 1629952493181,
        "isBuyerMaker": false,
        "isBestMatch": true
    },
    {
        "id": 7016960,
        "price": "0.00714000",
        "qty": "177043.70000000",
        "quoteQty": "1264.09201800",
        "time": 1629952503315,
        "isBuyerMaker": true,
        "isBestMatch": true
    },
    {
        "id": 7016961,
        "price": "0.00714000",
        "qty": "315137.80000000",
        "quoteQty": "2250.08389200",
        "time": 1629952519471,
        "isBuyerMaker": true,
        "isBestMatch": true
    },
    {
        "id": 7016962,
        "price": "0.00714000",
        "qty": "483624.40000000",
        "quoteQty": "3453.07821600",
        "time": 1629952536089,
        "isBuyerMaker": false,
        "isBestMatch": true
    },
    {
        "id": 7016963,
        "price": "0.00714000",
        "qty": "121916.30000000",
        "quoteQty": "870.48238200",
        "time": 1629952536191,
        "isBuyerMaker": true,
        "isBestMatch": true
    },
    {
        "id": 7016964,
        "price": "0.00714000",
        "qty": "135039.20000000",
        "quoteQty": "964.17988800",
        "time": 1629952536211,
        "isBuyerMaker": true,
        "isBestMatch": true
    },
    {
        "id": 7016965,
        "price": "0.00714000",
        "qty": "99222.40000000",
        "quoteQty": "708.44793600",
        "time": 1629952536232,
        "isBuyerMaker": true,
        "isBestMatch": true
    },
    {
        "id": 7016966,
        "price": "0.00714000",
        "qty": "49269.80000000",
        "quoteQty": "351.78637200",
        "time": 1629952536249,
        "isBuyerMaker": true,
        "isBestMatch": true
    },
    {
        "id": 7016967,
        "price": "0.00714000",
        "qty": "423531.20000000",
        "quoteQty": "3024.01276800",
        "time": 1629952555275,
        "isBuyerMaker": false,
        "isBestMatch": true
    },
    {
        "id": 7016968,
        "price": "0.00714000",
        "qty": "49802.20000000",
        "quoteQty": "355.58770800",
        "time": 1629952555375,
        "isBuyerMaker": true,
        "isBestMatch": true
    },
    {
        "id": 7016969,
        "price": "0.00714000",
        "qty": "72077.40000000",
        "quoteQty": "514.63263600",
        "time": 1629952555406,
        "isBuyerMaker": true,
        "isBestMatch": true
    },
    {
        "id": 7016970,
        "price": "0.00714000",
        "qty": "186445.90000000",
        "quoteQty": "1331.22372600",
        "time": 1629952555428,
        "isBuyerMaker": true,
        "isBestMatch": true
    },
    {
        "id": 7016971,
        "price": "0.00714000",
        "qty": "398140.00000000",
        "quoteQty": "2842.71960000",
        "time": 1629952575853,
        "isBuyerMaker": false,
        "isBestMatch": true
    },
    {
        "id": 7016972,
        "price": "0.00713000",
        "qty": "28431.90000000",
        "quoteQty": "202.71944700",
        "time": 1629952599412,
        "isBuyerMaker": true,
        "isBestMatch": true
    },
    {
        "id": 7016973,
        "price": "0.00713000",
        "qty": "89736.10000000",
        "quoteQty": "639.81839300",
        "time": 1629952599412,
        "isBuyerMaker": true,
        "isBestMatch": true
    },
    {
        "id": 7016974,
        "price": "0.00713000",
        "qty": "99998.00000000",
        "quoteQty": "712.98574000",
        "time": 1629952599412,
        "isBuyerMaker": true,
        "isBestMatch": true
    },
    {
        "id": 7016975,
        "price": "0.00713000",
        "qty": "349924.20000000",
        "quoteQty": "2494.95954600",
        "time": 1629952599412,
        "isBuyerMaker": true,
        "isBestMatch": true
    },
    {
        "id": 7016976,
        "price": "0.00713000",
        "qty": "161937.60000000",
        "quoteQty": "1154.61508800",
        "time": 1629952617173,
        "isBuyerMaker": false,
        "isBestMatch": true
    },
    {
        "id": 7016977,
        "price": "0.00713000",
        "qty": "157793.00000000",
        "quoteQty": "1125.06409000",
        "time": 1629952625456,
        "isBuyerMaker": false,
        "isBestMatch": true
    },
    {
        "id": 7016978,
        "price": "0.00713000",
        "qty": "269356.90000000",
        "quoteQty": "1920.51469700",
        "time": 1629952647750,
        "isBuyerMaker": false,
        "isBestMatch": true
    },
    {
        "id": 7016979,
        "price": "0.00713000",
        "qty": "169729.10000000",
        "quoteQty": "1210.16848300",
        "time": 1629952716314,
        "isBuyerMaker": false,
        "isBestMatch": true
    },
    {
        "id": 7016980,
        "price": "0.00713000",
        "qty": "123770.50000000",
        "quoteQty": "882.48366500",
        "time": 1629952762910,
        "isBuyerMaker": false,
        "isBestMatch": true
    },
    {
        "id": 7016981,
        "price": "0.00713000",
        "qty": "231699.00000000",
        "quoteQty": "1652.01387000",
        "time": 1629952785951,
        "isBuyerMaker": false,
        "isBestMatch": true
    },
    {
        "id": 7016982,
        "price": "0.00712000",
        "qty": "14398.60000000",
        "quoteQty": "102.51803200",
        "time": 1629952817245,
        "isBuyerMaker": true,
        "isBestMatch": true
    },
    {
        "id": 7016983,
        "price": "0.00712000",
        "qty": "102721.90000000",
        "quoteQty": "731.37992800",
        "time": 1629952817245,
        "isBuyerMaker": true,
        "isBestMatch": true
    },
    {
        "id": 7016984,
        "price": "0.00713000",
        "qty": "89012.00000000",
        "quoteQty": "634.65556000",
        "time": 1629952823728,
        "isBuyerMaker": false,
        "isBestMatch": true
    },
    {
        "id": 7016985,
        "price": "0.00713000",
        "qty": "182498.60000000",
        "quoteQty": "1301.21501800",
        "time": 1629952823815,
        "isBuyerMaker": true,
        "isBestMatch": true
    },
    {
        "id": 7016986,
        "price": "0.00712000",
        "qty": "35600.00000000",
        "quoteQty": "253.47200000",
        "time": 1629952834036,
        "isBuyerMaker": true,
        "isBestMatch": true
    },
    {
        "id": 7016987,
        "price": "0.00712000",
        "qty": "2775.30000000",
        "quoteQty": "19.76013600",
        "time": 1629952835840,
        "isBuyerMaker": true,
        "isBestMatch": true
    },
    {
        "id": 7016988,
        "price": "0.00712000",
        "qty": "363140.70000000",
        "quoteQty": "2585.56178400",
        "time": 1629952835840,
        "isBuyerMaker": true,
        "isBestMatch": true
    },
    {
        "id": 7016989,
        "price": "0.00712000",
        "qty": "201248.20000000",
        "quoteQty": "1432.88718400",
        "time": 1629952835878,
        "isBuyerMaker": true,
        "isBestMatch": true
    },
    {
        "id": 7016990,
        "price": "0.00712000",
        "qty": "34860.10000000",
        "quoteQty": "248.20391200",
        "time": 1629952835878,
        "isBuyerMaker": true,
        "isBestMatch": true
    },
    {
        "id": 7016991,
        "price": "0.00712000",
        "qty": "18812.90000000",
        "quoteQty": "133.94784800",
        "time": 1629952835878,
        "isBuyerMaker": true,
        "isBestMatch": true
    },
    {
        "id": 7016992,
        "price": "0.00712000",
        "qty": "105822.90000000",
        "quoteQty": "753.45904800",
        "time": 1629952835878,
        "isBuyerMaker": true,
        "isBestMatch": true
    },
    {
        "id": 7016993,
        "price": "0.00712000",
        "qty": "5171.90000000",
        "quoteQty": "36.82392800",
        "time": 1629952835878,
        "isBuyerMaker": true,
        "isBestMatch": true
    },
    {
        "id": 7016994,
        "price": "0.00712000",
        "qty": "121968.00000000",
        "quoteQty": "868.41216000",
        "time": 1629952835930,
        "isBuyerMaker": true,
        "isBestMatch": true
    },
    {
        "id": 7016995,
        "price": "0.00712000",
        "qty": "11605.70000000",
        "quoteQty": "82.63258400",
        "time": 1629952840269,
        "isBuyerMaker": true,
        "isBestMatch": true
    },
    {
        "id": 7016996,
        "price": "0.00712000",
        "qty": "112877.70000000",
        "quoteQty": "803.68922400",
        "time": 1629952840269,
        "isBuyerMaker": true,
        "isBestMatch": true
    },
    {
        "id": 7016997,
        "price": "0.00712000",
        "qty": "65845.40000000",
        "quoteQty": "468.81924800",
        "time": 1629952840269,
        "isBuyerMaker": true,
        "isBestMatch": true
    },
    {
        "id": 7016998,
        "price": "0.00712000",
        "qty": "56000.00000000",
        "quoteQty": "398.72000000",
        "time": 1629952840269,
        "isBuyerMaker": true,
        "isBestMatch": true
    },
    {
        "id": 7016999,
        "price": "0.00712000",
        "qty": "1547.90000000",
        "quoteQty": "11.02104800",
        "time": 1629952840269,
        "isBuyerMaker": true,
        "isBestMatch": true
    },
    {
        "id": 7017000,
        "price": "0.00713000",
        "qty": "150529.70000000",
        "quoteQty": "1073.27676100",
        "time": 1629952841418,
        "isBuyerMaker": false,
        "isBestMatch": true
    },
    {
        "id": 7017001,
        "price": "0.00713000",
        "qty": "202824.20000000",
        "quoteQty": "1446.13654600",
        "time": 1629952841510,
        "isBuyerMaker": true,
        "isBestMatch": true
    },
    {
        "id": 7017002,
        "price": "0.00713000",
        "qty": "94237.00000000",
        "quoteQty": "671.90981000",
        "time": 1629952862792,
        "isBuyerMaker": true,
        "isBestMatch": true
    },
    {
        "id": 7017003,
        "price": "0.00713000",
        "qty": "149527.60000000",
        "quoteQty": "1066.13178800",
        "time": 1629952874315,
        "isBuyerMaker": false,
        "isBestMatch": true
    },
    {
        "id": 7017004,
        "price": "0.00713000",
        "qty": "104722.80000000",
        "quoteQty": "746.67356400",
        "time": 1629952874406,
        "isBuyerMaker": true,
        "isBestMatch": true
    },
    {
        "id": 7017005,
        "price": "0.00713000",
        "qty": "149435.30000000",
        "quoteQty": "1065.47368900",
        "time": 1629952889809,
        "isBuyerMaker": true,
        "isBestMatch": true
    },
    {
        "id": 7017006,
        "price": "0.00712000",
        "qty": "54592.60000000",
        "quoteQty": "388.69931200",
        "time": 1629952905029,
        "isBuyerMaker": true,
        "isBestMatch": true
    },
    {
        "id": 7017007,
        "price": "0.00712000",
        "qty": "77460.70000000",
        "quoteQty": "551.52018400",
        "time": 1629952923370,
        "isBuyerMaker": false,
        "isBestMatch": true
    },
    {
        "id": 7017008,
        "price": "0.00712000",
        "qty": "98407.10000000",
        "quoteQty": "700.65855200",
        "time": 1629952951993,
        "isBuyerMaker": false,
        "isBestMatch": true
    },
    {
        "id": 7017009,
        "price": "0.00712000",
        "qty": "102703.60000000",
        "quoteQty": "731.24963200",
        "time": 1629952967373,
        "isBuyerMaker": false,
        "isBestMatch": true
    },
    {
        "id": 7017010,
        "price": "0.00712000",
        "qty": "105422.50000000",
        "quoteQty": "750.60820000",
        "time": 1629953002077,
        "isBuyerMaker": false,
        "isBestMatch": true
    },
    {
        "id": 7017011,
        "price": "0.00712000",
        "qty": "204508.00000000",
        "quoteQty": "1456.09696000",
        "time": 1629953030895,
        "isBuyerMaker": false,
        "isBestMatch": true
    },
    {
        "id": 7017012,
        "price": "0.00712000",
        "qty": "177643.20000000",
        "quoteQty": "1264.81958400",
        "time": 1629953104224,
        "isBuyerMaker": false,
        "isBestMatch": true
    },
    {
        "id": 7017013,
        "price": "0.00712000",
        "qty": "93353.50000000",
        "quoteQty": "664.67692000",
        "time": 1629953129571,
        "isBuyerMaker": true,
        "isBestMatch": true
    },
    {
        "id": 7017014,
        "price": "0.00712000",
        "qty": "175100.00000000",
        "quoteQty": "1246.71200000",
        "time": 1629953139076,
        "isBuyerMaker": true,
        "isBestMatch": true
    },
    {
        "id": 7017015,
        "price": "0.00712000",
        "qty": "104867.40000000",
        "quoteQty": "746.65588800",
        "time": 1629953154882,
        "isBuyerMaker": false,
        "isBestMatch": true
    },
    {
        "id": 7017016,
        "price": "0.00712000",
        "qty": "101549.90000000",
        "quoteQty": "723.03528800",
        "time": 1629953154982,
        "isBuyerMaker": true,
        "isBestMatch": true
    },
    {
        "id": 7017017,
        "price": "0.00712000",
        "qty": "185398.90000000",
        "quoteQty": "1320.04016800",
        "time": 1629953171732,
        "isBuyerMaker": true,
        "isBestMatch": true
    },
    {
        "id": 7017018,
        "price": "0.00712000",
        "qty": "78566.40000000",
        "quoteQty": "559.39276800",
        "time": 1629953188501,
        "isBuyerMaker": false,
        "isBestMatch": true
    },
    {
        "id": 7017019,
        "price": "0.00712000",
        "qty": "140504.50000000",
        "quoteQty": "1000.39204000",
        "time": 1629953225069,
        "isBuyerMaker": false,
        "isBestMatch": true
    },
    {
        "id": 7017020,
        "price": "0.00712000",
        "qty": "89584.00000000",
        "quoteQty": "637.83808000",
        "time": 1629953233413,
        "isBuyerMaker": false,
        "isBestMatch": true
    },
    {
        "id": 7017021,
        "price": "0.00712000",
        "qty": "156374.40000000",
        "quoteQty": "1113.38572800",
        "time": 1629953250275,
        "isBuyerMaker": false,
        "isBestMatch": true
    },
    {
        "id": 7017022,
        "price": "0.00712000",
        "qty": "89417.00000000",
        "quoteQty": "636.64904000",
        "time": 1629953250377,
        "isBuyerMaker": true,
        "isBestMatch": true
    },
    {
        "id": 7017023,
        "price": "0.00711000",
        "qty": "115689.50000000",
        "quoteQty": "822.55234500",
        "time": 1629953265891,
        "isBuyerMaker": true,
        "isBestMatch": true
    },
    {
        "id": 7017024,
        "price": "0.00712000",
        "qty": "93445.30000000",
        "quoteQty": "665.33053600",
        "time": 1629953267680,
        "isBuyerMaker": true,
        "isBestMatch": true
    },
    {
        "id": 7017025,
        "price": "0.00711000",
        "qty": "68629.30000000",
        "quoteQty": "487.95432300",
        "time": 1629953275994,
        "isBuyerMaker": true,
        "isBestMatch": true
    },
    {
        "id": 7017026,
        "price": "0.00711000",
        "qty": "325424.60000000",
        "quoteQty": "2313.76890600",
        "time": 1629953275994,
        "isBuyerMaker": true,
        "isBestMatch": true
    },
    {
        "id": 7017027,
        "price": "0.00711000",
        "qty": "30444.50000000",
        "quoteQty": "216.46039500",
        "time": 1629953275994,
        "isBuyerMaker": true,
        "isBestMatch": true
    },
    {
        "id": 7017028,
        "price": "0.00711000",
        "qty": "235659.30000000",
        "quoteQty": "1675.53762300",
        "time": 1629953275994,
        "isBuyerMaker": true,
        "isBestMatch": true
    },
    {
        "id": 7017029,
        "price": "0.00711000",
        "qty": "1000000.00000000",
        "quoteQty": "7110.00000000",
        "time": 1629953275994,
        "isBuyerMaker": true,
        "isBestMatch": true
    },
    {
        "id": 7017030,
        "price": "0.00711000",
        "qty": "167035.40000000",
        "quoteQty": "1187.62169400",
        "time": 1629953318810,
        "isBuyerMaker": true,
        "isBestMatch": true
    },
    {
        "id": 7017031,
        "price": "0.00711000",
        "qty": "123057.10000000",
        "quoteQty": "874.93598100",
        "time": 1629953322235,
        "isBuyerMaker": false,
        "isBestMatch": true
    },
    {
        "id": 7017032,
        "price": "0.00711000",
        "qty": "127149.30000000",
        "quoteQty": "904.03152300",
        "time": 1629953335437,
        "isBuyerMaker": false,
        "isBestMatch": true
    },
    {
        "id": 7017033,
        "price": "0.00712000",
        "qty": "88081.80000000",
        "quoteQty": "627.14241600",
        "time": 1629953361387,
        "isBuyerMaker": false,
        "isBestMatch": true
    },
    {
        "id": 7017034,
        "price": "0.00712000",
        "qty": "193934.30000000",
        "quoteQty": "1380.81221600",
        "time": 1629953385495,
        "isBuyerMaker": false,
        "isBestMatch": true
    },
    {
        "id": 7017035,
        "price": "0.00712000",
        "qty": "198926.50000000",
        "quoteQty": "1416.35668000",
        "time": 1629953385596,
        "isBuyerMaker": true,
        "isBestMatch": true
    },
    {
        "id": 7017036,
        "price": "0.00712000",
        "qty": "97549.40000000",
        "quoteQty": "694.55172800",
        "time": 1629953407630,
        "isBuyerMaker": true,
        "isBestMatch": true
    },
    {
        "id": 7017037,
        "price": "0.00712000",
        "qty": "151167.50000000",
        "quoteQty": "1076.31260000",
        "time": 1629953432795,
        "isBuyerMaker": true,
        "isBestMatch": true
    },
    {
        "id": 7017038,
        "price": "0.00712000",
        "qty": "89383.60000000",
        "quoteQty": "636.41123200",
        "time": 1629953450828,
        "isBuyerMaker": false,
        "isBestMatch": true
    },
    {
        "id": 7017039,
        "price": "0.00712000",
        "qty": "136702.90000000",
        "quoteQty": "973.32464800",
        "time": 1629953450924,
        "isBuyerMaker": true,
        "isBestMatch": true
    },
    {
        "id": 7017040,
        "price": "0.00712000",
        "qty": "145350.10000000",
        "quoteQty": "1034.89271200",
        "time": 1629953469579,
        "isBuyerMaker": true,
        "isBestMatch": true
    },
    {
        "id": 7017041,
        "price": "0.00712000",
        "qty": "154672.90000000",
        "quoteQty": "1101.27104800",
        "time": 1629953469797,
        "isBuyerMaker": false,
        "isBestMatch": true
    },
    {
        "id": 7017042,
        "price": "0.00712000",
        "qty": "209035.30000000",
        "quoteQty": "1488.33133600",
        "time": 1629953485512,
        "isBuyerMaker": true,
        "isBestMatch": true
    },
    {
        "id": 7017043,
        "price": "0.00712000",
        "qty": "98445.40000000",
        "quoteQty": "700.93124800",
        "time": 1629953503603,
        "isBuyerMaker": false,
        "isBestMatch": true
    },
    {
        "id": 7017044,
        "price": "0.00714000",
        "qty": "41523.80000000",
        "quoteQty": "296.47993200",
        "time": 1629953578051,
        "isBuyerMaker": false,
        "isBestMatch": true
    },
    {
        "id": 7017045,
        "price": "0.00714000",
        "qty": "14460.00000000",
        "quoteQty": "103.24440000",
        "time": 1629953580409,
        "isBuyerMaker": false,
        "isBestMatch": true
    },
    {
        "id": 7017046,
        "price": "0.00713000",
        "qty": "181476.90000000",
        "quoteQty": "1293.93029700",
        "time": 1629953580501,
        "isBuyerMaker": true,
        "isBestMatch": true
    },
    {
        "id": 7017047,
        "price": "0.00713000",
        "qty": "82727.50000000",
        "quoteQty": "589.84707500",
        "time": 1629953580699,
        "isBuyerMaker": false,
        "isBestMatch": true
    },
    {
        "id": 7017048,
        "price": "0.00713000",
        "qty": "137193.20000000",
        "quoteQty": "978.18751600",
        "time": 1629953777163,
        "isBuyerMaker": true,
        "isBestMatch": true
    },
    {
        "id": 7017049,
        "price": "0.00712000",
        "qty": "216381.20000000",
        "quoteQty": "1540.63414400",
        "time": 1629953802750,
        "isBuyerMaker": true,
        "isBestMatch": true
    },
    {
        "id": 7017050,
        "price": "0.00712000",
        "qty": "145012.10000000",
        "quoteQty": "1032.48615200",
        "time": 1629953802864,
        "isBuyerMaker": false,
        "isBestMatch": true
    },
    {
        "id": 7017051,
        "price": "0.00712000",
        "qty": "200880.00000000",
        "quoteQty": "1430.26560000",
        "time": 1629953835959,
        "isBuyerMaker": true,
        "isBestMatch": true
    },
    {
        "id": 7017052,
        "price": "0.00713000",
        "qty": "85982.90000000",
        "quoteQty": "613.05807700",
        "time": 1629953862363,
        "isBuyerMaker": true,
        "isBestMatch": true
    },
    {
        "id": 7017053,
        "price": "0.00713000",
        "qty": "85982.90000000",
        "quoteQty": "613.05807700",
        "time": 1629953862388,
        "isBuyerMaker": false,
        "isBestMatch": true
    },
    {
        "id": 7017054,
        "price": "0.00713000",
        "qty": "103238.30000000",
        "quoteQty": "736.08907900",
        "time": 1629953866147,
        "isBuyerMaker": true,
        "isBestMatch": true
    },
    {
        "id": 7017055,
        "price": "0.00713000",
        "qty": "241935.50000000",
        "quoteQty": "1725.00011500",
        "time": 1629953868897,
        "isBuyerMaker": false,
        "isBestMatch": true
    },
    {
        "id": 7017056,
        "price": "0.00713000",
        "qty": "266317.90000000",
        "quoteQty": "1898.84662700",
        "time": 1629953882478,
        "isBuyerMaker": false,
        "isBestMatch": true
    },
    {
        "id": 7017057,
        "price": "0.00713000",
        "qty": "108900.50000000",
        "quoteQty": "776.46056500",
        "time": 1629953883090,
        "isBuyerMaker": true,
        "isBestMatch": true
    },
    {
        "id": 7017058,
        "price": "0.00712000",
        "qty": "250321.10000000",
        "quoteQty": "1782.28623200",
        "time": 1629954014449,
        "isBuyerMaker": true,
        "isBestMatch": true
    },
    {
        "id": 7017059,
        "price": "0.00712000",
        "qty": "159957.00000000",
        "quoteQty": "1138.89384000",
        "time": 1629954014547,
        "isBuyerMaker": false,
        "isBestMatch": true
    },
    {
        "id": 7017060,
        "price": "0.00713000",
        "qty": "55291.10000000",
        "quoteQty": "394.22554300",
        "time": 1629954015297,
        "isBuyerMaker": false,
        "isBestMatch": true
    },
    {
        "id": 7017061,
        "price": "0.00712000",
        "qty": "68917.90000000",
        "quoteQty": "490.69544800",
        "time": 1629954036845,
        "isBuyerMaker": false,
        "isBestMatch": true
    },
    {
        "id": 7017062,
        "price": "0.00712000",
        "qty": "36638.10000000",
        "quoteQty": "260.86327200",
        "time": 1629954036855,
        "isBuyerMaker": false,
        "isBestMatch": true
    },
    {
        "id": 7017063,
        "price": "0.00713000",
        "qty": "107494.70000000",
        "quoteQty": "766.43721100",
        "time": 1629954062903,
        "isBuyerMaker": false,
        "isBestMatch": true
    },
    {
        "id": 7017064,
        "price": "0.00713000",
        "qty": "67291.70000000",
        "quoteQty": "479.78982100",
        "time": 1629954062913,
        "isBuyerMaker": false,
        "isBestMatch": true
    },
    {
        "id": 7017065,
        "price": "0.00715000",
        "qty": "14398.60000000",
        "quoteQty": "102.94999000",
        "time": 1629954089760,
        "isBuyerMaker": false,
        "isBestMatch": true
    },
    {
        "id": 7017066,
        "price": "0.00715000",
        "qty": "55944.10000000",
        "quoteQty": "400.00031500",
        "time": 1629954089760,
        "isBuyerMaker": false,
        "isBestMatch": true
    },
    {
        "id": 7017067,
        "price": "0.00715000",
        "qty": "184318.80000000",
        "quoteQty": "1317.87942000",
        "time": 1629954089760,
        "isBuyerMaker": false,
        "isBestMatch": true
    },
    {
        "id": 7017068,
        "price": "0.00714000",
        "qty": "167076.20000000",
        "quoteQty": "1192.92406800",
        "time": 1629954091285,
        "isBuyerMaker": false,
        "isBestMatch": true
    },
    {
        "id": 7017069,
        "price": "0.00714000",
        "qty": "167076.20000000",
        "quoteQty": "1192.92406800",
        "time": 1629954091299,
        "isBuyerMaker": true,
        "isBestMatch": true
    },
    {
        "id": 7017070,
        "price": "0.00714000",
        "qty": "100216.30000000",
        "quoteQty": "715.54438200",
        "time": 1629954091382,
        "isBuyerMaker": true,
        "isBestMatch": true
    },
    {
        "id": 7017071,
        "price": "0.00715000",
        "qty": "890388.00000000",
        "quoteQty": "6366.27420000",
        "time": 1629954103422,
        "isBuyerMaker": true,
        "isBestMatch": true
    },
    {
        "id": 7017072,
        "price": "0.00714000",
        "qty": "197105.80000000",
        "quoteQty": "1407.33541200",
        "time": 1629954107407,
        "isBuyerMaker": false,
        "isBestMatch": true
    },
    {
        "id": 7017073,
        "price": "0.00714000",
        "qty": "111630.90000000",
        "quoteQty": "797.04462600",
        "time": 1629954107504,
        "isBuyerMaker": true,
        "isBestMatch": true
    },
    {
        "id": 7017074,
        "price": "0.00716000",
        "qty": "654854.50000000",
        "quoteQty": "4688.75822000",
        "time": 1629954116561,
        "isBuyerMaker": false,
        "isBestMatch": true
    },
    {
        "id": 7017075,
        "price": "0.00714000",
        "qty": "184380.80000000",
        "quoteQty": "1316.47891200",
        "time": 1629954131375,
        "isBuyerMaker": false,
        "isBestMatch": true
    },
    {
        "id": 7017076,
        "price": "0.00715000",
        "qty": "164933.70000000",
        "quoteQty": "1179.27595500",
        "time": 1629954139058,
        "isBuyerMaker": true,
        "isBestMatch": true
    },
    {
        "id": 7017077,
        "price": "0.00715000",
        "qty": "215507.30000000",
        "quoteQty": "1540.87719500",
        "time": 1629954139185,
        "isBuyerMaker": false,
        "isBestMatch": true
    },
    {
        "id": 7017078,
        "price": "0.00715000",
        "qty": "90567.00000000",
        "quoteQty": "647.55405000",
        "time": 1629954142379,
        "isBuyerMaker": true,
        "isBestMatch": true
    },
    {
        "id": 7017079,
        "price": "0.00715000",
        "qty": "149512.40000000",
        "quoteQty": "1069.01366000",
        "time": 1629954146488,
        "isBuyerMaker": false,
        "isBestMatch": true
    },
    {
        "id": 7017080,
        "price": "0.00715000",
        "qty": "255384.90000000",
        "quoteQty": "1826.00203500",
        "time": 1629954147902,
        "isBuyerMaker": true,
        "isBestMatch": true
    },
    {
        "id": 7017081,
        "price": "0.00716000",
        "qty": "39571.90000000",
        "quoteQty": "283.33480400",
        "time": 1629954149830,
        "isBuyerMaker": false,
        "isBestMatch": true
    },
    {
        "id": 7017082,
        "price": "0.00716000",
        "qty": "35888.60000000",
        "quoteQty": "256.96237600",
        "time": 1629954149855,
        "isBuyerMaker": false,
        "isBestMatch": true
    },
    {
        "id": 7017083,
        "price": "0.00716000",
        "qty": "17944.30000000",
        "quoteQty": "128.48118800",
        "time": 1629954149900,
        "isBuyerMaker": false,
        "isBestMatch": true
    },
    {
        "id": 7017084,
        "price": "0.00716000",
        "qty": "105622.50000000",
        "quoteQty": "756.25710000",
        "time": 1629954149970,
        "isBuyerMaker": false,
        "isBestMatch": true
    },
    {
        "id": 7017085,
        "price": "0.00716000",
        "qty": "16476.10000000",
        "quoteQty": "117.96887600",
        "time": 1629954149994,
        "isBuyerMaker": false,
        "isBestMatch": true
    },
    {
        "id": 7017086,
        "price": "0.00716000",
        "qty": "35886.80000000",
        "quoteQty": "256.94948800",
        "time": 1629954150031,
        "isBuyerMaker": false,
        "isBestMatch": true
    },
    {
        "id": 7017087,
        "price": "0.00716000",
        "qty": "411662.00000000",
        "quoteQty": "2947.49992000",
        "time": 1629954150071,
        "isBuyerMaker": false,
        "isBestMatch": true
    },
    {
        "id": 7017088,
        "price": "0.00716000",
        "qty": "560171.00000000",
        "quoteQty": "4010.82436000",
        "time": 1629954150139,
        "isBuyerMaker": false,
        "isBestMatch": true
    },
    {
        "id": 7017089,
        "price": "0.00716000",
        "qty": "137513.70000000",
        "quoteQty": "984.59809200",
        "time": 1629954150167,
        "isBuyerMaker": false,
        "isBestMatch": true
    },
    {
        "id": 7017090,
        "price": "0.00716000",
        "qty": "32625.10000000",
        "quoteQty": "233.59571600",
        "time": 1629954150192,
        "isBuyerMaker": false,
        "isBestMatch": true
    },
    {
        "id": 7017091,
        "price": "0.00716000",
        "qty": "184328.50000000",
        "quoteQty": "1319.79206000",
        "time": 1629954150220,
        "isBuyerMaker": false,
        "isBestMatch": true
    },
    {
        "id": 7017092,
        "price": "0.00716000",
        "qty": "40781.30000000",
        "quoteQty": "291.99410800",
        "time": 1629954150252,
        "isBuyerMaker": false,
        "isBestMatch": true
    },
    {
        "id": 7017093,
        "price": "0.00716000",
        "qty": "112554.90000000",
        "quoteQty": "805.89308400",
        "time": 1629954150269,
        "isBuyerMaker": false,
        "isBestMatch": true
    },
    {
        "id": 7017094,
        "price": "0.00716000",
        "qty": "661452.30000000",
        "quoteQty": "4735.99846800",
        "time": 1629954157356,
        "isBuyerMaker": false,
        "isBestMatch": true
    },
    {
        "id": 7017095,
        "price": "0.00716000",
        "qty": "120757.20000000",
        "quoteQty": "864.62155200",
        "time": 1629954157402,
        "isBuyerMaker": false,
        "isBestMatch": true
    },
    {
        "id": 7017096,
        "price": "0.00716000",
        "qty": "4167086.00000000",
        "quoteQty": "29836.33576000",
        "time": 1629954157476,
        "isBuyerMaker": false,
        "isBestMatch": true
    },
    {
        "id": 7017097,
        "price": "0.00716000",
        "qty": "2530498.20000000",
        "quoteQty": "18118.36711200",
        "time": 1629954157552,
        "isBuyerMaker": false,
        "isBestMatch": true
    },
    {
        "id": 7017098,
        "price": "0.00716000",
        "qty": "105588.10000000",
        "quoteQty": "756.01079600",
        "time": 1629954158013,
        "isBuyerMaker": false,
        "isBestMatch": true
    },
    {
        "id": 7017099,
        "price": "0.00715000",
        "qty": "251573.70000000",
        "quoteQty": "1798.75195500",
        "time": 1629954164289,
        "isBuyerMaker": true,
        "isBestMatch": true
    },
    {
        "id": 7017100,
        "price": "0.00715000",
        "qty": "18460.30000000",
        "quoteQty": "131.99114500",
        "time": 1629954164397,
        "isBuyerMaker": false,
        "isBestMatch": true
    },
    {
        "id": 7017101,
        "price": "0.00715000",
        "qty": "76042.50000000",
        "quoteQty": "543.70387500",
        "time": 1629954164429,
        "isBuyerMaker": false,
        "isBestMatch": true
    },
    {
        "id": 7017102,
        "price": "0.00714000",
        "qty": "93615.40000000",
        "quoteQty": "668.41395600",
        "time": 1629954179046,
        "isBuyerMaker": true,
        "isBestMatch": true
    },
    {
        "id": 7017103,
        "price": "0.00714000",
        "qty": "233308.60000000",
        "quoteQty": "1665.82340400",
        "time": 1629954187300,
        "isBuyerMaker": false,
        "isBestMatch": true
    },
    {
        "id": 7017104,
        "price": "0.00715000",
        "qty": "178569.80000000",
        "quoteQty": "1276.77407000",
        "time": 1629954194980,
        "isBuyerMaker": true,
        "isBestMatch": true
    },
    {
        "id": 7017105,
        "price": "0.00715000",
        "qty": "201202.90000000",
        "quoteQty": "1438.60073500",
        "time": 1629954195230,
        "isBuyerMaker": false,
        "isBestMatch": true
    },
    {
        "id": 7017106,
        "price": "0.00716000",
        "qty": "58514.40000000",
        "quoteQty": "418.96310400",
        "time": 1629954197135,
        "isBuyerMaker": false,
        "isBestMatch": true
    },
    {
        "id": 7017107,
        "price": "0.00716000",
        "qty": "504869.00000000",
        "quoteQty": "3614.86204000",
        "time": 1629954202618,
        "isBuyerMaker": false,
        "isBestMatch": true
    },
    {
        "id": 7017108,
        "price": "0.00716000",
        "qty": "540469.00000000",
        "quoteQty": "3869.75804000",
        "time": 1629954202642,
        "isBuyerMaker": false,
        "isBestMatch": true
    },
    {
        "id": 7017109,
        "price": "0.00716000",
        "qty": "540469.00000000",
        "quoteQty": "3869.75804000",
        "time": 1629954202667,
        "isBuyerMaker": false,
        "isBestMatch": true
    },
    {
        "id": 7017110,
        "price": "0.00716000",
        "qty": "540469.00000000",
        "quoteQty": "3869.75804000",
        "time": 1629954202688,
        "isBuyerMaker": false,
        "isBestMatch": true
    },
    {
        "id": 7017111,
        "price": "0.00716000",
        "qty": "353326.30000000",
        "quoteQty": "2529.81630800",
        "time": 1629954203409,
        "isBuyerMaker": false,
        "isBestMatch": true
    },
    {
        "id": 7017112,
        "price": "0.00716000",
        "qty": "120839.30000000",
        "quoteQty": "865.20938800",
        "time": 1629954203492,
        "isBuyerMaker": false,
        "isBestMatch": true
    },
    {
        "id": 7017113,
        "price": "0.00716000",
        "qty": "661330.10000000",
        "quoteQty": "4735.12351600",
        "time": 1629954207630,
        "isBuyerMaker": false,
        "isBestMatch": true
    },
    {
        "id": 7017114,
        "price": "0.00716000",
        "qty": "326470.30000000",
        "quoteQty": "2337.52734800",
        "time": 1629954207989,
        "isBuyerMaker": false,
        "isBestMatch": true
    },
    {
        "id": 7017115,
        "price": "0.00715000",
        "qty": "232363.70000000",
        "quoteQty": "1661.40045500",
        "time": 1629954212898,
        "isBuyerMaker": false,
        "isBestMatch": true
    },
    {
        "id": 7017116,
        "price": "0.00715000",
        "qty": "276030.80000000",
        "quoteQty": "1973.62022000",
        "time": 1629954221253,
        "isBuyerMaker": false,
        "isBestMatch": true
    },
    {
        "id": 7017117,
        "price": "0.00716000",
        "qty": "540469.00000000",
        "quoteQty": "3869.75804000",
        "time": 1629954231316,
        "isBuyerMaker": false,
        "isBestMatch": true
    },
    {
        "id": 7017118,
        "price": "0.00716000",
        "qty": "62964.90000000",
        "quoteQty": "450.82868400",
        "time": 1629954231983,
        "isBuyerMaker": false,
        "isBestMatch": true
    },
    {
        "id": 7017119,
        "price": "0.00714000",
        "qty": "94344.00000000",
        "quoteQty": "673.61616000",
        "time": 1629954236811,
        "isBuyerMaker": false,
        "isBestMatch": true
    },
    {
        "id": 7017120,
        "price": "0.00715000",
        "qty": "132583.70000000",
        "quoteQty": "947.97345500",
        "time": 1629954244471,
        "isBuyerMaker": true,
        "isBestMatch": true
    },
    {
        "id": 7017121,
        "price": "0.00715000",
        "qty": "99747.70000000",
        "quoteQty": "713.19605500",
        "time": 1629954259673,
        "isBuyerMaker": true,
        "isBestMatch": true
    },
    {
        "id": 7017122,
        "price": "0.00715000",
        "qty": "219860.50000000",
        "quoteQty": "1572.00257500",
        "time": 1629954259780,
        "isBuyerMaker": false,
        "isBestMatch": true
    },
    {
        "id": 7017123,
        "price": "0.00716000",
        "qty": "3865194.80000000",
        "quoteQty": "27674.79476800",
        "time": 1629954274938,
        "isBuyerMaker": false,
        "isBestMatch": true
    },
    {
        "id": 7017124,
        "price": "0.00716000",
        "qty": "1913351.90000000",
        "quoteQty": "13699.59960400",
        "time": 1629954274970,
        "isBuyerMaker": false,
        "isBestMatch": true
    },
    {
        "id": 7017125,
        "price": "0.00715000",
        "qty": "242078.20000000",
        "quoteQty": "1730.85913000",
        "time": 1629954280641,
        "isBuyerMaker": true,
        "isBestMatch": true
    },
    {
        "id": 7017126,
        "price": "0.00715000",
        "qty": "214590.20000000",
        "quoteQty": "1534.31993000",
        "time": 1629954280736,
        "isBuyerMaker": false,
        "isBestMatch": true
    },
    {
        "id": 7017127,
        "price": "0.00716000",
        "qty": "93010.90000000",
        "quoteQty": "665.95804400",
        "time": 1629954305707,
        "isBuyerMaker": false,
        "isBestMatch": true
    },
    {
        "id": 7017128,
        "price": "0.00717000",
        "qty": "14398.60000000",
        "quoteQty": "103.23796200",
        "time": 1629954329789,
        "isBuyerMaker": false,
        "isBestMatch": true
    },
    {
        "id": 7017129,
        "price": "0.00717000",
        "qty": "56140.50000000",
        "quoteQty": "402.52738500",
        "time": 1629954329789,
        "isBuyerMaker": false,
        "isBestMatch": true
    },
    {
        "id": 7017130,
        "price": "0.00716000",
        "qty": "263971.00000000",
        "quoteQty": "1890.03236000",
        "time": 1629954329818,
        "isBuyerMaker": false,
        "isBestMatch": true
    },
    {
        "id": 7017131,
        "price": "0.00718000",
        "qty": "183544.30000000",
        "quoteQty": "1317.84807400",
        "time": 1629954433082,
        "isBuyerMaker": false,
        "isBestMatch": true
    },
    {
        "id": 7017132,
        "price": "0.00718000",
        "qty": "30296.10000000",
        "quoteQty": "217.52599800",
        "time": 1629954433082,
        "isBuyerMaker": false,
        "isBestMatch": true
    },
    {
        "id": 7017133,
        "price": "0.00717000",
        "qty": "125716.20000000",
        "quoteQty": "901.38515400",
        "time": 1629954433110,
        "isBuyerMaker": false,
        "isBestMatch": true
    },
    {
        "id": 7017134,
        "price": "0.00719000",
        "qty": "56000.00000000",
        "quoteQty": "402.64000000",
        "time": 1629954527321,
        "isBuyerMaker": false,
        "isBestMatch": true
    },
    {
        "id": 7017135,
        "price": "0.00719000",
        "qty": "139082.10000000",
        "quoteQty": "1000.00029900",
        "time": 1629954527321,
        "isBuyerMaker": false,
        "isBestMatch": true
    },
    {
        "id": 7017136,
        "price": "0.00719000",
        "qty": "104481.60000000",
        "quoteQty": "751.22270400",
        "time": 1629954527425,
        "isBuyerMaker": false,
        "isBestMatch": true
    },
    {
        "id": 7017137,
        "price": "0.00719000",
        "qty": "104481.60000000",
        "quoteQty": "751.22270400",
        "time": 1629954527440,
        "isBuyerMaker": true,
        "isBestMatch": true
    },
    {
        "id": 7017138,
        "price": "0.00719000",
        "qty": "236074.90000000",
        "quoteQty": "1697.37853100",
        "time": 1629954527526,
        "isBuyerMaker": true,
        "isBestMatch": true
    },
    {
        "id": 7017139,
        "price": "0.00719000",
        "qty": "224374.30000000",
        "quoteQty": "1613.25121700",
        "time": 1629954543188,
        "isBuyerMaker": false,
        "isBestMatch": true
    },
    {
        "id": 7017140,
        "price": "0.00719000",
        "qty": "105501.80000000",
        "quoteQty": "758.55794200",
        "time": 1629954543289,
        "isBuyerMaker": true,
        "isBestMatch": true
    },
    {
        "id": 7017141,
        "price": "0.00716000",
        "qty": "200200.00000000",
        "quoteQty": "1433.43200000",
        "time": 1629954552129,
        "isBuyerMaker": true,
        "isBestMatch": true
    },
    {
        "id": 7017142,
