[
    {
        "id": 7431707,
        "price": "0.00090203",
        "qty": "5.70000000",
        "quoteQty": "0.00514157",
        "time": 1629628251291,
        "isBuyerMaker": false,
        "isBestMatch": true
    },
    {
        "id": 7431708,
        "price": "0.00090203",
        "qty": "5.60000000",
        "quoteQty": "0.00505136",
        "time": 1629628251295,
        "isBuyerMaker": false,
        "isBestMatch": true
    },
    {
        "id": 7431709,
        "price": "0.00090278",
        "qty": "0.40000000",
        "quoteQty": "0.00036111",
        "time": 1629628251404,
        "isBuyerMaker": false,
        "isBestMatch": true
    },
    {
        "id": 7431710,
        "price": "0.00090278",
        "qty": "0.50000000",
        "quoteQty": "0.00045139",
        "time": 1629628251404,
        "isBuyerMaker": false,
        "isBestMatch": true
    },
    {
        "id": 7431711,
        "price": "0.00090301",
        "qty": "0.30000000",
        "quoteQty": "0.00027090",
        "time": 1629628251514,
        "isBuyerMaker": false,
        "isBestMatch": true
    },
    {
        "id": 7431712,
        "price": "0.00090347",
        "qty": "0.60000000",
        "quoteQty": "0.00054208",
        "time": 1629628251514,
        "isBuyerMaker": false,
        "isBestMatch": true
    },
    {
        "id": 7431713,
        "price": "0.00090308",
        "qty": "0.50000000",
        "quoteQty": "0.00045154",
        "time": 1629628253351,
        "isBuyerMaker": true,
        "isBestMatch": true
    },
    {
        "id": 7431714,
        "price": "0.00090307",
        "qty": "15.00000000",
        "quoteQty": "0.01354605",
        "time": 1629628253351,
        "isBuyerMaker": true,
        "isBestMatch": true
    },
    {
        "id": 7431715,
        "price": "0.00090307",
        "qty": "10.60000000",
        "quoteQty": "0.00957254",
        "time": 1629628253351,
        "isBuyerMaker": true,
        "isBestMatch": true
    },
    {
        "id": 7431716,
        "price": "0.00090398",
        "qty": "0.30000000",
        "quoteQty": "0.00027119",
        "time": 1629628255088,
        "isBuyerMaker": false,
        "isBestMatch": true
    },
    {
        "id": 7431717,
        "price": "0.00090413",
        "qty": "0.40000000",
        "quoteQty": "0.00036165",
        "time": 1629628255104,
        "isBuyerMaker": false,
        "isBestMatch": true
    },
    {
        "id": 7431718,
        "price": "0.00090423",
        "qty": "15.00000000",
        "quoteQty": "0.01356345",
        "time": 1629628255113,
        "isBuyerMaker": false,
        "isBestMatch": true
    },
    {
        "id": 7431719,
        "price": "0.00090426",
        "qty": "1.00000000",
        "quoteQty": "0.00090426",
        "time": 1629628255121,
        "isBuyerMaker": false,
        "isBestMatch": true
    },
    {
        "id": 7431720,
        "price": "0.00090453",
        "qty": "0.30000000",
        "quoteQty": "0.00027135",
        "time": 1629628255230,
        "isBuyerMaker": false,
        "isBestMatch": true
    },
    {
        "id": 7431721,
        "price": "0.00090496",
        "qty": "0.50000000",
        "quoteQty": "0.00045248",
        "time": 1629628255578,
        "isBuyerMaker": false,
        "isBestMatch": true
    },
    {
        "id": 7431722,
        "price": "0.00090500",
        "qty": "4.00000000",
        "quoteQty": "0.00362000",
        "time": 1629628255578,
        "isBuyerMaker": false,
        "isBestMatch": true
    },
    {
        "id": 7431723,
        "price": "0.00090500",
        "qty": "1.70000000",
        "quoteQty": "0.00153850",
        "time": 1629628255578,
        "isBuyerMaker": false,
        "isBestMatch": true
    },
    {
        "id": 7431724,
        "price": "0.00090500",
        "qty": "2.30000000",
        "quoteQty": "0.00208150",
        "time": 1629628256632,
        "isBuyerMaker": false,
        "isBestMatch": true
    },
    {
        "id": 7431725,
        "price": "0.00090547",
        "qty": "0.40000000",
        "quoteQty": "0.00036218",
        "time": 1629628257138,
        "isBuyerMaker": false,
        "isBestMatch": true
    },
    {
        "id": 7431726,
        "price": "0.00090552",
        "qty": "0.30000000",
        "quoteQty": "0.00027165",
        "time": 1629628257239,
        "isBuyerMaker": false,
        "isBestMatch": true
    },
    {
        "id": 7431727,
        "price": "0.00090464",
        "qty": "0.20000000",
        "quoteQty": "0.00018092",
        "time": 1629628259047,
        "isBuyerMaker": true,
        "isBestMatch": true
    },
    {
        "id": 7431728,
        "price": "0.00090579",
        "qty": "0.30000000",
        "quoteQty": "0.00027173",
        "time": 1629628259569,
        "isBuyerMaker": false,
        "isBestMatch": true
    },
    {
        "id": 7431729,
        "price": "0.00090604",
        "qty": "0.30000000",
        "quoteQty": "0.00027181",
        "time": 1629628259569,
        "isBuyerMaker": false,
        "isBestMatch": true
    },
    {
        "id": 7431730,
        "price": "0.00090624",
        "qty": "3.30000000",
        "quoteQty": "0.00299059",
        "time": 1629628259569,
        "isBuyerMaker": false,
        "isBestMatch": true
    },
    {
        "id": 7431731,
        "price": "0.00090649",
        "qty": "1.00000000",
        "quoteQty": "0.00090649",
        "time": 1629628259569,
        "isBuyerMaker": false,
        "isBestMatch": true
    },
    {
        "id": 7431732,
        "price": "0.00090649",
        "qty": "0.20000000",
        "quoteQty": "0.00018129",
        "time": 1629628259569,
        "isBuyerMaker": false,
        "isBestMatch": true
    },
    {
        "id": 7431733,
        "price": "0.00090665",
        "qty": "0.60000000",
        "quoteQty": "0.00054399",
        "time": 1629628260630,
        "isBuyerMaker": false,
        "isBestMatch": true
    },
    {
        "id": 7431734,
        "price": "0.00090641",
        "qty": "0.80000000",
        "quoteQty": "0.00072512",
        "time": 1629628260926,
        "isBuyerMaker": false,
        "isBestMatch": true
    },
    {
        "id": 7431735,
        "price": "0.00090641",
        "qty": "5.40000000",
        "quoteQty": "0.00489461",
        "time": 1629628260926,
        "isBuyerMaker": false,
        "isBestMatch": true
    },
    {
        "id": 7431736,
        "price": "0.00090660",
        "qty": "0.30000000",
        "quoteQty": "0.00027198",
        "time": 1629628262367,
        "isBuyerMaker": true,
        "isBestMatch": true
    },
    {
        "id": 7431737,
        "price": "0.00090515",
        "qty": "0.30000000",
        "quoteQty": "0.00027154",
        "time": 1629628268928,
        "isBuyerMaker": true,
        "isBestMatch": true
    },
    {
        "id": 7431738,
        "price": "0.00090514",
        "qty": "10.00000000",
        "quoteQty": "0.00905140",
        "time": 1629628268941,
        "isBuyerMaker": true,
        "isBestMatch": true
    },
    {
        "id": 7431739,
        "price": "0.00090514",
        "qty": "5.00000000",
        "quoteQty": "0.00452570",
        "time": 1629628268944,
        "isBuyerMaker": true,
        "isBestMatch": true
    },
    {
        "id": 7431740,
        "price": "0.00090407",
        "qty": "1.00000000",
        "quoteQty": "0.00090407",
        "time": 1629628269583,
        "isBuyerMaker": true,
        "isBestMatch": true
    },
    {
        "id": 7431741,
        "price": "0.00090541",
        "qty": "0.70000000",
        "quoteQty": "0.00063378",
        "time": 1629628270185,
        "isBuyerMaker": false,
        "isBestMatch": true
    },
    {
        "id": 7431742,
        "price": "0.00090533",
        "qty": "0.40000000",
        "quoteQty": "0.00036213",
        "time": 1629628271965,
        "isBuyerMaker": false,
        "isBestMatch": true
    },
    {
        "id": 7431743,
        "price": "0.00090536",
        "qty": "0.60000000",
        "quoteQty": "0.00054321",
        "time": 1629628271965,
        "isBuyerMaker": false,
        "isBestMatch": true
    },
    {
        "id": 7431744,
        "price": "0.00090543",
        "qty": "1.50000000",
        "quoteQty": "0.00135814",
        "time": 1629628272147,
        "isBuyerMaker": false,
        "isBestMatch": true
    },
    {
        "id": 7431745,
        "price": "0.00090580",
        "qty": "0.30000000",
        "quoteQty": "0.00027174",
        "time": 1629628272842,
        "isBuyerMaker": false,
        "isBestMatch": true
    },
    {
        "id": 7431746,
        "price": "0.00090643",
        "qty": "0.20000000",
        "quoteQty": "0.00018128",
        "time": 1629628274784,
        "isBuyerMaker": true,
        "isBestMatch": true
    },
    {
        "id": 7431747,
        "price": "0.00090656",
        "qty": "0.20000000",
        "quoteQty": "0.00018131",
        "time": 1629628275286,
        "isBuyerMaker": false,
        "isBestMatch": true
    },
    {
        "id": 7431748,
        "price": "0.00090675",
        "qty": "4.60000000",
        "quoteQty": "0.00417105",
        "time": 1629628283774,
        "isBuyerMaker": false,
        "isBestMatch": true
    },
    {
        "id": 7431749,
        "price": "0.00090579",
        "qty": "1.50000000",
        "quoteQty": "0.00135868",
        "time": 1629628288856,
        "isBuyerMaker": true,
        "isBestMatch": true
    },
    {
        "id": 7431750,
        "price": "0.00090574",
        "qty": "1.30000000",
        "quoteQty": "0.00117746",
        "time": 1629628288856,
        "isBuyerMaker": true,
        "isBestMatch": true
    },
    {
        "id": 7431751,
        "price": "0.00090611",
        "qty": "13.20000000",
        "quoteQty": "0.01196065",
        "time": 1629628289168,
        "isBuyerMaker": false,
        "isBestMatch": true
    },
    {
        "id": 7431752,
        "price": "0.00090675",
        "qty": "16.70000000",
        "quoteQty": "0.01514272",
        "time": 1629628289954,
        "isBuyerMaker": true,
        "isBestMatch": true
    },
    {
        "id": 7431753,
        "price": "0.00090658",
        "qty": "0.70000000",
        "quoteQty": "0.00063460",
        "time": 1629628290594,
        "isBuyerMaker": false,
        "isBestMatch": true
    },
    {
        "id": 7431754,
        "price": "0.00090507",
        "qty": "0.70000000",
        "quoteQty": "0.00063354",
        "time": 1629628293570,
        "isBuyerMaker": true,
        "isBestMatch": true
    },
    {
        "id": 7431755,
        "price": "0.00090506",
        "qty": "15.00000000",
        "quoteQty": "0.01357590",
        "time": 1629628293570,
        "isBuyerMaker": true,
        "isBestMatch": true
    },
    {
        "id": 7431756,
        "price": "0.00090506",
        "qty": "15.00000000",
        "quoteQty": "0.01357590",
        "time": 1629628293642,
        "isBuyerMaker": true,
        "isBestMatch": true
    },
    {
        "id": 7431757,
        "price": "0.00090500",
        "qty": "0.40000000",
        "quoteQty": "0.00036200",
        "time": 1629628293642,
        "isBuyerMaker": true,
        "isBestMatch": true
    },
    {
        "id": 7431758,
        "price": "0.00090570",
        "qty": "0.70000000",
        "quoteQty": "0.00063399",
        "time": 1629628294738,
        "isBuyerMaker": false,
        "isBestMatch": true
    },
    {
        "id": 7431759,
        "price": "0.00090569",
        "qty": "0.70000000",
        "quoteQty": "0.00063398",
        "time": 1629628294996,
        "isBuyerMaker": false,
        "isBestMatch": true
    },
    {
        "id": 7431760,
        "price": "0.00090609",
        "qty": "4.80000000",
        "quoteQty": "0.00434923",
        "time": 1629628298562,
        "isBuyerMaker": false,
        "isBestMatch": true
    },
    {
        "id": 7431761,
        "price": "0.00090611",
        "qty": "10.20000000",
        "quoteQty": "0.00924232",
        "time": 1629628298562,
        "isBuyerMaker": false,
        "isBestMatch": true
    },
    {
        "id": 7431762,
        "price": "0.00090509",
        "qty": "1.40000000",
        "quoteQty": "0.00126712",
        "time": 1629628304470,
        "isBuyerMaker": true,
        "isBestMatch": true
    },
    {
        "id": 7431763,
        "price": "0.00090508",
        "qty": "2.20000000",
        "quoteQty": "0.00199117",
        "time": 1629628304470,
        "isBuyerMaker": true,
        "isBestMatch": true
    },
    {
        "id": 7431764,
        "price": "0.00090593",
        "qty": "0.70000000",
        "quoteQty": "0.00063415",
        "time": 1629628304607,
        "isBuyerMaker": false,
        "isBestMatch": true
    },
    {
        "id": 7431765,
        "price": "0.00090596",
        "qty": "4.20000000",
        "quoteQty": "0.00380503",
        "time": 1629628304607,
        "isBuyerMaker": false,
        "isBestMatch": true
    },
    {
        "id": 7431766,
        "price": "0.00090597",
        "qty": "10.10000000",
        "quoteQty": "0.00915029",
        "time": 1629628304607,
        "isBuyerMaker": false,
        "isBestMatch": true
    },
    {
        "id": 7431767,
        "price": "0.00090487",
        "qty": "0.40000000",
        "quoteQty": "0.00036194",
        "time": 1629628306920,
        "isBuyerMaker": true,
        "isBestMatch": true
    },
    {
        "id": 7431768,
        "price": "0.00090535",
        "qty": "0.70000000",
        "quoteQty": "0.00063374",
        "time": 1629628309474,
        "isBuyerMaker": false,
        "isBestMatch": true
    },
    {
        "id": 7431769,
        "price": "0.00090537",
        "qty": "6.80000000",
        "quoteQty": "0.00615651",
        "time": 1629628310006,
        "isBuyerMaker": false,
        "isBestMatch": true
    },
    {
        "id": 7431770,
        "price": "0.00090537",
        "qty": "8.20000000",
        "quoteQty": "0.00742403",
        "time": 1629628310010,
        "isBuyerMaker": false,
        "isBestMatch": true
    },
    {
        "id": 7431771,
        "price": "0.00090537",
        "qty": "6.80000000",
        "quoteQty": "0.00615651",
        "time": 1629628310041,
        "isBuyerMaker": false,
        "isBestMatch": true
    },
    {
        "id": 7431772,
        "price": "0.00090555",
        "qty": "0.50000000",
        "quoteQty": "0.00045277",
        "time": 1629628312585,
        "isBuyerMaker": false,
        "isBestMatch": true
    },
    {
        "id": 7431773,
        "price": "0.00090555",
        "qty": "4.70000000",
        "quoteQty": "0.00425608",
        "time": 1629628312585,
        "isBuyerMaker": false,
        "isBestMatch": true
    },
    {
        "id": 7431774,
        "price": "0.00090581",
        "qty": "0.50000000",
        "quoteQty": "0.00045290",
        "time": 1629628313094,
        "isBuyerMaker": false,
        "isBestMatch": true
    },
    {
        "id": 7431775,
        "price": "0.00090559",
        "qty": "4.60000000",
        "quoteQty": "0.00416571",
        "time": 1629628315318,
        "isBuyerMaker": false,
        "isBestMatch": true
    },
    {
        "id": 7431776,
        "price": "0.00090560",
        "qty": "11.20000000",
        "quoteQty": "0.01014272",
        "time": 1629628315318,
        "isBuyerMaker": false,
        "isBestMatch": true
    },
    {
        "id": 7431777,
        "price": "0.00090448",
        "qty": "0.20000000",
        "quoteQty": "0.00018089",
        "time": 1629628320149,
        "isBuyerMaker": true,
        "isBestMatch": true
    },
    {
        "id": 7431778,
        "price": "0.00090498",
        "qty": "0.40000000",
        "quoteQty": "0.00036199",
        "time": 1629628324307,
        "isBuyerMaker": false,
        "isBestMatch": true
    },
    {
        "id": 7431779,
        "price": "0.00090311",
        "qty": "2.50000000",
        "quoteQty": "0.00225777",
        "time": 1629628326878,
        "isBuyerMaker": true,
        "isBestMatch": true
    },
    {
        "id": 7431780,
        "price": "0.00090273",
        "qty": "0.30000000",
        "quoteQty": "0.00027081",
        "time": 1629628327701,
        "isBuyerMaker": true,
        "isBestMatch": true
    },
    {
        "id": 7431781,
        "price": "0.00090246",
        "qty": "1.00000000",
        "quoteQty": "0.00090246",
        "time": 1629628328510,
        "isBuyerMaker": true,
        "isBestMatch": true
    },
    {
        "id": 7431782,
        "price": "0.00090232",
        "qty": "0.40000000",
        "quoteQty": "0.00036092",
        "time": 1629628329101,
        "isBuyerMaker": true,
        "isBestMatch": true
    },
    {
        "id": 7431783,
        "price": "0.00090187",
        "qty": "1.00000000",
        "quoteQty": "0.00090187",
        "time": 1629628331126,
        "isBuyerMaker": true,
        "isBestMatch": true
    },
    {
        "id": 7431784,
        "price": "0.00090186",
        "qty": "5.10000000",
        "quoteQty": "0.00459948",
        "time": 1629628331364,
        "isBuyerMaker": true,
        "isBestMatch": true
    },
    {
        "id": 7431785,
        "price": "0.00090122",
        "qty": "0.30000000",
        "quoteQty": "0.00027036",
        "time": 1629628332587,
        "isBuyerMaker": true,
        "isBestMatch": true
    },
    {
        "id": 7431786,
        "price": "0.00090112",
        "qty": "3.30000000",
        "quoteQty": "0.00297369",
        "time": 1629628332719,
        "isBuyerMaker": true,
        "isBestMatch": true
    },
    {
        "id": 7431787,
        "price": "0.00090100",
        "qty": "0.50000000",
        "quoteQty": "0.00045050",
        "time": 1629628332843,
        "isBuyerMaker": true,
        "isBestMatch": true
    },
    {
        "id": 7431788,
        "price": "0.00090098",
        "qty": "0.40000000",
        "quoteQty": "0.00036039",
        "time": 1629628332960,
        "isBuyerMaker": true,
        "isBestMatch": true
    },
    {
        "id": 7431789,
        "price": "0.00090089",
        "qty": "0.30000000",
        "quoteQty": "0.00027026",
        "time": 1629628333114,
        "isBuyerMaker": true,
        "isBestMatch": true
    },
    {
        "id": 7431790,
        "price": "0.00090088",
        "qty": "0.30000000",
        "quoteQty": "0.00027026",
        "time": 1629628333120,
        "isBuyerMaker": true,
        "isBestMatch": true
    },
    {
        "id": 7431791,
        "price": "0.00090068",
        "qty": "4.40000000",
        "quoteQty": "0.00396299",
        "time": 1629628333622,
        "isBuyerMaker": false,
        "isBestMatch": true
    },
    {
        "id": 7431792,
        "price": "0.00090072",
        "qty": "3.30000000",
        "quoteQty": "0.00297237",
        "time": 1629628333622,
        "isBuyerMaker": false,
        "isBestMatch": true
    },
    {
        "id": 7431793,
        "price": "0.00090179",
        "qty": "1.10000000",
        "quoteQty": "0.00099196",
        "time": 1629628335741,
        "isBuyerMaker": false,
        "isBestMatch": true
    },
    {
        "id": 7431794,
        "price": "0.00090182",
        "qty": "4.30000000",
        "quoteQty": "0.00387782",
        "time": 1629628336467,
        "isBuyerMaker": false,
        "isBestMatch": true
    },
    {
        "id": 7431795,
        "price": "0.00090183",
        "qty": "0.10000000",
        "quoteQty": "0.00009018",
        "time": 1629628336467,
        "isBuyerMaker": false,
        "isBestMatch": true
    },
    {
        "id": 7431796,
        "price": "0.00090182",
        "qty": "4.20000000",
        "quoteQty": "0.00378764",
        "time": 1629628337576,
        "isBuyerMaker": false,
        "isBestMatch": true
    },
    {
        "id": 7431797,
        "price": "0.00090072",
        "qty": "0.50000000",
        "quoteQty": "0.00045036",
        "time": 1629628340809,
        "isBuyerMaker": true,
        "isBestMatch": true
    },
    {
        "id": 7431798,
        "price": "0.00090072",
        "qty": "2.30000000",
        "quoteQty": "0.00207165",
        "time": 1629628340809,
        "isBuyerMaker": true,
        "isBestMatch": true
    },
    {
        "id": 7431799,
        "price": "0.00090145",
        "qty": "0.30000000",
        "quoteQty": "0.00027043",
        "time": 1629628342448,
        "isBuyerMaker": false,
        "isBestMatch": true
    },
    {
        "id": 7431800,
        "price": "0.00090193",
        "qty": "0.30000000",
        "quoteQty": "0.00027057",
        "time": 1629628344384,
        "isBuyerMaker": true,
        "isBestMatch": true
    },
    {
        "id": 7431801,
        "price": "0.00090247",
        "qty": "1.10000000",
        "quoteQty": "0.00099271",
        "time": 1629628346848,
        "isBuyerMaker": false,
        "isBestMatch": true
    },
    {
        "id": 7431802,
        "price": "0.00090193",
        "qty": "0.50000000",
        "quoteQty": "0.00045096",
        "time": 1629628350563,
        "isBuyerMaker": false,
        "isBestMatch": true
    },
    {
        "id": 7431803,
        "price": "0.00090229",
        "qty": "0.20000000",
        "quoteQty": "0.00018045",
        "time": 1629628350563,
        "isBuyerMaker": false,
        "isBestMatch": true
    },
    {
        "id": 7431804,
        "price": "0.00090229",
        "qty": "3.50000000",
        "quoteQty": "0.00315801",
        "time": 1629628350563,
        "isBuyerMaker": false,
        "isBestMatch": true
    },
    {
        "id": 7431805,
        "price": "0.00090190",
        "qty": "1.10000000",
        "quoteQty": "0.00099209",
        "time": 1629628350633,
        "isBuyerMaker": false,
        "isBestMatch": true
    },
    {
        "id": 7431806,
        "price": "0.00090126",
        "qty": "0.50000000",
        "quoteQty": "0.00045063",
        "time": 1629628352546,
        "isBuyerMaker": false,
        "isBestMatch": true
    },
    {
        "id": 7431807,
        "price": "0.00090127",
        "qty": "4.20000000",
        "quoteQty": "0.00378533",
        "time": 1629628352553,
        "isBuyerMaker": false,
        "isBestMatch": true
    },
    {
        "id": 7431808,
        "price": "0.00090183",
        "qty": "4.10000000",
        "quoteQty": "0.00369750",
        "time": 1629628354487,
        "isBuyerMaker": false,
        "isBestMatch": true
    },
    {
        "id": 7431809,
        "price": "0.00090188",
        "qty": "11.30000000",
        "quoteQty": "0.01019124",
        "time": 1629628354487,
        "isBuyerMaker": false,
        "isBestMatch": true
    },
    {
        "id": 7431810,
        "price": "0.00090188",
        "qty": "5.10000000",
        "quoteQty": "0.00459958",
        "time": 1629628354487,
        "isBuyerMaker": false,
        "isBestMatch": true
    },
    {
        "id": 7431811,
        "price": "0.00090164",
        "qty": "0.80000000",
        "quoteQty": "0.00072131",
        "time": 1629628354656,
        "isBuyerMaker": true,
        "isBestMatch": true
    },
    {
        "id": 7431812,
        "price": "0.00090214",
        "qty": "3.50000000",
        "quoteQty": "0.00315749",
        "time": 1629628355505,
        "isBuyerMaker": false,
        "isBestMatch": true
    },
    {
        "id": 7431813,
        "price": "0.00090222",
        "qty": "14.80000000",
        "quoteQty": "0.01335285",
        "time": 1629628355505,
        "isBuyerMaker": false,
        "isBestMatch": true
    },
    {
        "id": 7431814,
        "price": "0.00090102",
        "qty": "2.60000000",
        "quoteQty": "0.00234265",
        "time": 1629628360085,
        "isBuyerMaker": true,
        "isBestMatch": true
    },
    {
        "id": 7431815,
        "price": "0.00090098",
        "qty": "1.00000000",
        "quoteQty": "0.00090098",
        "time": 1629628360085,
        "isBuyerMaker": true,
        "isBestMatch": true
    },
    {
        "id": 7431816,
        "price": "0.00090186",
        "qty": "0.20000000",
        "quoteQty": "0.00018037",
        "time": 1629628360526,
        "isBuyerMaker": false,
        "isBestMatch": true
    },
    {
        "id": 7431817,
        "price": "0.00090155",
        "qty": "2.50000000",
        "quoteQty": "0.00225387",
        "time": 1629628361556,
        "isBuyerMaker": true,
        "isBestMatch": true
    },
    {
        "id": 7431818,
        "price": "0.00090155",
        "qty": "2.50000000",
        "quoteQty": "0.00225387",
        "time": 1629628361606,
        "isBuyerMaker": true,
        "isBestMatch": true
    },
    {
        "id": 7431819,
        "price": "0.00090188",
        "qty": "0.30000000",
        "quoteQty": "0.00027056",
        "time": 1629628362569,
        "isBuyerMaker": false,
        "isBestMatch": true
    },
    {
        "id": 7431820,
        "price": "0.00090189",
        "qty": "7.30000000",
        "quoteQty": "0.00658379",
        "time": 1629628362569,
        "isBuyerMaker": false,
        "isBestMatch": true
    },
    {
        "id": 7431821,
        "price": "0.00090137",
        "qty": "0.30000000",
        "quoteQty": "0.00027041",
        "time": 1629628362878,
        "isBuyerMaker": true,
        "isBestMatch": true
    },
    {
        "id": 7431822,
        "price": "0.00090231",
        "qty": "11.30000000",
        "quoteQty": "0.01019610",
        "time": 1629628364889,
        "isBuyerMaker": false,
        "isBestMatch": true
    },
    {
        "id": 7431823,
        "price": "0.00090232",
        "qty": "9.50000000",
        "quoteQty": "0.00857204",
        "time": 1629628364889,
        "isBuyerMaker": false,
        "isBestMatch": true
    },
    {
        "id": 7431824,
        "price": "0.00090234",
        "qty": "36.30000000",
        "quoteQty": "0.03275494",
        "time": 1629628364889,
        "isBuyerMaker": false,
        "isBestMatch": true
    },
    {
        "id": 7431825,
        "price": "0.00090169",
        "qty": "0.30000000",
        "quoteQty": "0.00027050",
        "time": 1629628378817,
        "isBuyerMaker": true,
        "isBestMatch": true
    },
    {
        "id": 7431826,
        "price": "0.00090160",
        "qty": "5.00000000",
        "quoteQty": "0.00450800",
        "time": 1629628379324,
        "isBuyerMaker": true,
        "isBestMatch": true
    },
    {
        "id": 7431827,
        "price": "0.00090160",
        "qty": "12.40000000",
        "quoteQty": "0.01117984",
        "time": 1629628379333,
        "isBuyerMaker": true,
        "isBestMatch": true
    },
    {
        "id": 7431828,
        "price": "0.00090160",
        "qty": "5.00000000",
        "quoteQty": "0.00450800",
        "time": 1629628379350,
        "isBuyerMaker": true,
        "isBestMatch": true
    },
    {
        "id": 7431829,
        "price": "0.00090160",
        "qty": "10.00000000",
        "quoteQty": "0.00901600",
        "time": 1629628379352,
        "isBuyerMaker": true,
        "isBestMatch": true
    },
    {
        "id": 7431830,
        "price": "0.00090160",
        "qty": "5.00000000",
        "quoteQty": "0.00450800",
        "time": 1629628379362,
        "isBuyerMaker": true,
        "isBestMatch": true
    },
    {
        "id": 7431831,
        "price": "0.00090160",
        "qty": "20.80000000",
        "quoteQty": "0.01875328",
        "time": 1629628379406,
        "isBuyerMaker": true,
        "isBestMatch": true
    },
    {
        "id": 7431832,
        "price": "0.00090113",
        "qty": "0.50000000",
        "quoteQty": "0.00045056",
        "time": 1629628388516,
        "isBuyerMaker": false,
        "isBestMatch": true
    },
    {
        "id": 7431833,
        "price": "0.00090024",
        "qty": "1.00000000",
        "quoteQty": "0.00090024",
        "time": 1629628390926,
        "isBuyerMaker": true,
        "isBestMatch": true
    },
    {
        "id": 7431834,
        "price": "0.00090002",
        "qty": "0.50000000",
        "quoteQty": "0.00045001",
        "time": 1629628390931,
        "isBuyerMaker": true,
        "isBestMatch": true
    },
    {
        "id": 7431835,
        "price": "0.00090039",
        "qty": "0.40000000",
        "quoteQty": "0.00036015",
        "time": 1629628391593,
        "isBuyerMaker": false,
        "isBestMatch": true
    },
    {
        "id": 7431836,
        "price": "0.00090040",
        "qty": "1.20000000",
        "quoteQty": "0.00108048",
        "time": 1629628391593,
        "isBuyerMaker": false,
        "isBestMatch": true
    },
    {
        "id": 7431837,
        "price": "0.00090000",
        "qty": "4.00000000",
        "quoteQty": "0.00360000",
        "time": 1629628392563,
        "isBuyerMaker": true,
        "isBestMatch": true
    },
    {
        "id": 7431838,
        "price": "0.00090000",
        "qty": "4.00000000",
        "quoteQty": "0.00360000",
        "time": 1629628392563,
        "isBuyerMaker": true,
        "isBestMatch": true
    },
    {
        "id": 7431839,
        "price": "0.00089971",
        "qty": "0.30000000",
        "quoteQty": "0.00026991",
        "time": 1629628394032,
        "isBuyerMaker": true,
        "isBestMatch": true
    },
    {
        "id": 7431840,
        "price": "0.00089964",
        "qty": "0.40000000",
        "quoteQty": "0.00035985",
        "time": 1629628394032,
        "isBuyerMaker": true,
        "isBestMatch": true
    },
    {
        "id": 7431841,
        "price": "0.00089991",
        "qty": "0.50000000",
        "quoteQty": "0.00044995",
        "time": 1629628394571,
        "isBuyerMaker": false,
        "isBestMatch": true
    },
    {
        "id": 7431842,
        "price": "0.00089988",
        "qty": "0.20000000",
        "quoteQty": "0.00017997",
        "time": 1629628396077,
        "isBuyerMaker": false,
        "isBestMatch": true
    },
    {
        "id": 7431843,
        "price": "0.00089928",
        "qty": "0.30000000",
        "quoteQty": "0.00026978",
        "time": 1629628397781,
        "isBuyerMaker": true,
        "isBestMatch": true
    },
    {
        "id": 7431844,
        "price": "0.00089884",
        "qty": "0.40000000",
        "quoteQty": "0.00035953",
        "time": 1629628397870,
        "isBuyerMaker": true,
        "isBestMatch": true
    },
    {
        "id": 7431845,
        "price": "0.00089883",
        "qty": "0.50000000",
        "quoteQty": "0.00044941",
        "time": 1629628398663,
        "isBuyerMaker": true,
        "isBestMatch": true
    },
    {
        "id": 7431846,
        "price": "0.00089932",
        "qty": "3.90000000",
        "quoteQty": "0.00350734",
        "time": 1629628400495,
        "isBuyerMaker": false,
        "isBestMatch": true
    },
    {
        "id": 7431847,
        "price": "0.00089933",
        "qty": "0.40000000",
        "quoteQty": "0.00035973",
        "time": 1629628400495,
        "isBuyerMaker": false,
        "isBestMatch": true
    },
    {
        "id": 7431848,
        "price": "0.00089940",
        "qty": "0.40000000",
        "quoteQty": "0.00035976",
        "time": 1629628400495,
        "isBuyerMaker": false,
        "isBestMatch": true
    },
    {
        "id": 7431849,
        "price": "0.00089940",
        "qty": "7.80000000",
        "quoteQty": "0.00701532",
        "time": 1629628400495,
        "isBuyerMaker": false,
        "isBestMatch": true
    },
    {
        "id": 7431850,
        "price": "0.00089875",
        "qty": "0.20000000",
        "quoteQty": "0.00017975",
        "time": 1629628401776,
        "isBuyerMaker": true,
        "isBestMatch": true
    },
    {
        "id": 7431851,
        "price": "0.00089855",
        "qty": "0.70000000",
        "quoteQty": "0.00062898",
        "time": 1629628401854,
        "isBuyerMaker": true,
        "isBestMatch": true
    },
    {
        "id": 7431852,
        "price": "0.00089878",
        "qty": "3.80000000",
        "quoteQty": "0.00341536",
        "time": 1629628402679,
        "isBuyerMaker": false,
        "isBestMatch": true
    },
    {
        "id": 7431853,
        "price": "0.00089830",
        "qty": "0.40000000",
        "quoteQty": "0.00035932",
        "time": 1629628406099,
        "isBuyerMaker": true,
        "isBestMatch": true
    },
    {
        "id": 7431854,
        "price": "0.00089822",
        "qty": "0.80000000",
        "quoteQty": "0.00071857",
        "time": 1629628406109,
        "isBuyerMaker": true,
        "isBestMatch": true
    },
    {
        "id": 7431855,
        "price": "0.00089821",
        "qty": "0.30000000",
        "quoteQty": "0.00026946",
        "time": 1629628406133,
        "isBuyerMaker": true,
        "isBestMatch": true
    },
    {
        "id": 7431856,
        "price": "0.00089820",
        "qty": "0.30000000",
        "quoteQty": "0.00026946",
        "time": 1629628406142,
        "isBuyerMaker": true,
        "isBestMatch": true
    },
    {
        "id": 7431857,
        "price": "0.00089816",
        "qty": "0.20000000",
        "quoteQty": "0.00017963",
        "time": 1629628406150,
        "isBuyerMaker": true,
        "isBestMatch": true
    },
    {
        "id": 7431858,
        "price": "0.00089813",
        "qty": "0.30000000",
        "quoteQty": "0.00026943",
        "time": 1629628406156,
        "isBuyerMaker": true,
        "isBestMatch": true
    },
    {
        "id": 7431859,
        "price": "0.00089802",
        "qty": "1.00000000",
        "quoteQty": "0.00089802",
        "time": 1629628406182,
        "isBuyerMaker": true,
        "isBestMatch": true
    },
    {
        "id": 7431860,
        "price": "0.00089795",
        "qty": "0.20000000",
        "quoteQty": "0.00017959",
        "time": 1629628406191,
        "isBuyerMaker": true,
        "isBestMatch": true
    },
    {
        "id": 7431861,
        "price": "0.00089781",
        "qty": "3.30000000",
        "quoteQty": "0.00296277",
        "time": 1629628406206,
        "isBuyerMaker": true,
        "isBestMatch": true
    },
    {
        "id": 7431862,
        "price": "0.00089778",
        "qty": "0.30000000",
        "quoteQty": "0.00026933",
        "time": 1629628406212,
        "isBuyerMaker": true,
        "isBestMatch": true
    },
    {
        "id": 7431863,
        "price": "0.00089767",
        "qty": "0.30000000",
        "quoteQty": "0.00026930",
        "time": 1629628406224,
        "isBuyerMaker": true,
        "isBestMatch": true
    },
    {
        "id": 7431864,
        "price": "0.00089750",
        "qty": "0.30000000",
        "quoteQty": "0.00026925",
        "time": 1629628406233,
        "isBuyerMaker": true,
        "isBestMatch": true
    },
    {
        "id": 7431865,
        "price": "0.00089743",
        "qty": "8.50000000",
        "quoteQty": "0.00762815",
        "time": 1629628406239,
        "isBuyerMaker": true,
        "isBestMatch": true
    },
    {
        "id": 7431866,
        "price": "0.00089743",
        "qty": "6.50000000",
        "quoteQty": "0.00583329",
        "time": 1629628406240,
        "isBuyerMaker": true,
        "isBestMatch": true
    },
    {
        "id": 7431867,
        "price": "0.00089714",
        "qty": "3.80000000",
        "quoteQty": "0.00340913",
        "time": 1629628406245,
        "isBuyerMaker": true,
        "isBestMatch": true
    },
    {
        "id": 7431868,
        "price": "0.00089698",
        "qty": "0.40000000",
        "quoteQty": "0.00035879",
        "time": 1629628406279,
        "isBuyerMaker": true,
        "isBestMatch": true
    },
    {
        "id": 7431869,
        "price": "0.00089697",
        "qty": "0.40000000",
        "quoteQty": "0.00035878",
        "time": 1629628406279,
        "isBuyerMaker": true,
        "isBestMatch": true
    },
    {
        "id": 7431870,
        "price": "0.00089687",
        "qty": "2.80000000",
        "quoteQty": "0.00251123",
        "time": 1629628406279,
        "isBuyerMaker": true,
        "isBestMatch": true
    },
    {
        "id": 7431871,
        "price": "0.00089687",
        "qty": "4.70000000",
        "quoteQty": "0.00421528",
        "time": 1629628406281,
        "isBuyerMaker": true,
        "isBestMatch": true
    },
    {
        "id": 7431872,
        "price": "0.00089687",
        "qty": "2.40000000",
        "quoteQty": "0.00215248",
        "time": 1629628406285,
        "isBuyerMaker": true,
        "isBestMatch": true
    },
    {
        "id": 7431873,
        "price": "0.00089689",
        "qty": "0.20000000",
        "quoteQty": "0.00017937",
        "time": 1629628406302,
        "isBuyerMaker": true,
        "isBestMatch": true
    },
    {
        "id": 7431874,
        "price": "0.00089671",
        "qty": "0.20000000",
        "quoteQty": "0.00017934",
        "time": 1629628406302,
        "isBuyerMaker": true,
        "isBestMatch": true
    },
    {
        "id": 7431875,
        "price": "0.00089671",
        "qty": "1.80000000",
        "quoteQty": "0.00161407",
        "time": 1629628406340,
        "isBuyerMaker": true,
        "isBestMatch": true
    },
    {
        "id": 7431876,
        "price": "0.00089671",
        "qty": "8.40000000",
        "quoteQty": "0.00753236",
        "time": 1629628406348,
        "isBuyerMaker": true,
        "isBestMatch": true
    },
    {
        "id": 7431877,
        "price": "0.00089671",
        "qty": "4.60000000",
        "quoteQty": "0.00412486",
        "time": 1629628406351,
        "isBuyerMaker": true,
        "isBestMatch": true
    },
    {
        "id": 7431878,
        "price": "0.00089670",
        "qty": "0.30000000",
        "quoteQty": "0.00026901",
        "time": 1629628406351,
        "isBuyerMaker": true,
        "isBestMatch": true
    },
    {
        "id": 7431879,
        "price": "0.00089667",
        "qty": "0.50000000",
        "quoteQty": "0.00044833",
        "time": 1629628406351,
        "isBuyerMaker": true,
        "isBestMatch": true
    },
    {
        "id": 7431880,
        "price": "0.00089641",
        "qty": "0.20000000",
        "quoteQty": "0.00017928",
        "time": 1629628406351,
        "isBuyerMaker": true,
        "isBestMatch": true
    },
    {
        "id": 7431881,
        "price": "0.00089640",
        "qty": "0.30000000",
        "quoteQty": "0.00026892",
        "time": 1629628406351,
        "isBuyerMaker": true,
        "isBestMatch": true
    },
    {
        "id": 7431882,
        "price": "0.00089632",
        "qty": "0.30000000",
        "quoteQty": "0.00026889",
        "time": 1629628406351,
        "isBuyerMaker": true,
        "isBestMatch": true
    },
    {
        "id": 7431883,
        "price": "0.00089625",
        "qty": "1.20000000",
        "quoteQty": "0.00107550",
        "time": 1629628406351,
        "isBuyerMaker": true,
        "isBestMatch": true
    },
    {
        "id": 7431884,
        "price": "0.00089654",
        "qty": "7.60000000",
        "quoteQty": "0.00681370",
        "time": 1629628406358,
        "isBuyerMaker": true,
        "isBestMatch": true
    },
    {
        "id": 7431885,
        "price": "0.00089731",
        "qty": "1.60000000",
        "quoteQty": "0.00143569",
        "time": 1629628406668,
        "isBuyerMaker": false,
        "isBestMatch": true
    },
    {
        "id": 7431886,
        "price": "0.00089732",
        "qty": "0.20000000",
        "quoteQty": "0.00017946",
        "time": 1629628406994,
        "isBuyerMaker": false,
        "isBestMatch": true
    },
    {
        "id": 7431887,
        "price": "0.00089658",
        "qty": "0.20000000",
        "quoteQty": "0.00017931",
        "time": 1629628407146,
        "isBuyerMaker": true,
        "isBestMatch": true
    },
    {
        "id": 7431888,
        "price": "0.00089685",
        "qty": "3.80000000",
        "quoteQty": "0.00340803",
        "time": 1629628407474,
        "isBuyerMaker": false,
        "isBestMatch": true
    },
    {
        "id": 7431889,
        "price": "0.00089691",
        "qty": "0.10000000",
        "quoteQty": "0.00008969",
        "time": 1629628407474,
        "isBuyerMaker": false,
        "isBestMatch": true
    },
    {
        "id": 7431890,
        "price": "0.00089654",
        "qty": "2.50000000",
        "quoteQty": "0.00224135",
        "time": 1629628407668,
        "isBuyerMaker": true,
        "isBestMatch": true
    },
    {
        "id": 7431891,
        "price": "0.00089600",
        "qty": "14.50000000",
        "quoteQty": "0.01299200",
        "time": 1629628408104,
        "isBuyerMaker": true,
        "isBestMatch": true
    },
    {
        "id": 7431892,
        "price": "0.00089631",
        "qty": "0.40000000",
        "quoteQty": "0.00035852",
        "time": 1629628408735,
        "isBuyerMaker": false,
        "isBestMatch": true
    },
    {
        "id": 7431893,
        "price": "0.00089637",
        "qty": "0.80000000",
        "quoteQty": "0.00071709",
        "time": 1629628410482,
        "isBuyerMaker": false,
        "isBestMatch": true
    },
    {
        "id": 7431894,
        "price": "0.00089638",
        "qty": "15.00000000",
        "quoteQty": "0.01344570",
        "time": 1629628410482,
        "isBuyerMaker": false,
        "isBestMatch": true
    },
    {
        "id": 7431895,
        "price": "0.00089641",
        "qty": "0.30000000",
        "quoteQty": "0.00026892",
        "time": 1629628410482,
        "isBuyerMaker": false,
        "isBestMatch": true
    },
    {
        "id": 7431896,
        "price": "0.00089638",
        "qty": "0.50000000",
        "quoteQty": "0.00044819",
        "time": 1629628411504,
        "isBuyerMaker": false,
        "isBestMatch": true
    },
    {
        "id": 7431897,
        "price": "0.00089638",
        "qty": "14.00000000",
        "quoteQty": "0.01254932",
        "time": 1629628411568,
        "isBuyerMaker": false,
        "isBestMatch": true
    },
    {
        "id": 7431898,
        "price": "0.00089644",
        "qty": "3.80000000",
        "quoteQty": "0.00340647",
        "time": 1629628411588,
        "isBuyerMaker": false,
        "isBestMatch": true
    },
    {
        "id": 7431899,
        "price": "0.00089695",
        "qty": "0.30000000",
        "quoteQty": "0.00026908",
        "time": 1629628412824,
        "isBuyerMaker": false,
        "isBestMatch": true
    },
    {
        "id": 7431900,
        "price": "0.00089837",
        "qty": "0.50000000",
        "quoteQty": "0.00044918",
        "time": 1629628414585,
        "isBuyerMaker": false,
        "isBestMatch": true
    },
    {
        "id": 7431901,
        "price": "0.00089863",
        "qty": "2.40000000",
        "quoteQty": "0.00215671",
        "time": 1629628415277,
        "isBuyerMaker": false,
        "isBestMatch": true
    },
    {
        "id": 7431902,
        "price": "0.00089864",
        "qty": "1.80000000",
        "quoteQty": "0.00161755",
        "time": 1629628415277,
        "isBuyerMaker": false,
        "isBestMatch": true
    },
    {
        "id": 7431903,
        "price": "0.00089710",
        "qty": "3.60000000",
        "quoteQty": "0.00322956",
        "time": 1629628416861,
        "isBuyerMaker": true,
        "isBestMatch": true
    },
    {
        "id": 7431904,
        "price": "0.00089834",
        "qty": "0.40000000",
        "quoteQty": "0.00035933",
        "time": 1629628418442,
        "isBuyerMaker": true,
        "isBestMatch": true
    },
    {
        "id": 7431905,
        "price": "0.00089834",
        "qty": "2.10000000",
        "quoteQty": "0.00188651",
        "time": 1629628418443,
        "isBuyerMaker": true,
        "isBestMatch": true
    },
    {
        "id": 7431906,
        "price": "0.00089786",
        "qty": "8.90000000",
        "quoteQty": "0.00799095",
        "time": 1629628420614,
        "isBuyerMaker": false,
        "isBestMatch": true
    },
    {
        "id": 7431907,
        "price": "0.00089786",
        "qty": "0.40000000",
        "quoteQty": "0.00035914",
        "time": 1629628421518,
        "isBuyerMaker": false,
        "isBestMatch": true
    },
    {
        "id": 7431908,
        "price": "0.00089788",
        "qty": "2.30000000",
        "quoteQty": "0.00206512",
        "time": 1629628421518,
        "isBuyerMaker": false,
        "isBestMatch": true
    },
    {
        "id": 7431909,
        "price": "0.00089848",
        "qty": "0.40000000",
        "quoteQty": "0.00035939",
        "time": 1629628422583,
        "isBuyerMaker": false,
        "isBestMatch": true
    },
    {
        "id": 7431910,
        "price": "0.00089852",
        "qty": "0.10000000",
        "quoteQty": "0.00008985",
        "time": 1629628422583,
        "isBuyerMaker": false,
        "isBestMatch": true
    },
    {
        "id": 7431911,
        "price": "0.00089881",
        "qty": "5.80000000",
        "quoteQty": "0.00521309",
        "time": 1629628422700,
        "isBuyerMaker": false,
        "isBestMatch": true
    },
    {
        "id": 7431912,
        "price": "0.00089888",
        "qty": "10.50000000",
        "quoteQty": "0.00943824",
        "time": 1629628422700,
        "isBuyerMaker": false,
        "isBestMatch": true
    },
    {
        "id": 7431913,
        "price": "0.00089900",
        "qty": "2.80000000",
        "quoteQty": "0.00251720",
        "time": 1629628425089,
        "isBuyerMaker": false,
        "isBestMatch": true
    },
    {
        "id": 7431914,
        "price": "0.00089902",
        "qty": "1.80000000",
        "quoteQty": "0.00161823",
        "time": 1629628425089,
        "isBuyerMaker": false,
        "isBestMatch": true
    },
    {
        "id": 7431915,
        "price": "0.00089852",
        "qty": "0.70000000",
        "quoteQty": "0.00062896",
        "time": 1629628425186,
        "isBuyerMaker": true,
        "isBestMatch": true
    },
    {
        "id": 7431916,
        "price": "0.00089709",
        "qty": "0.40000000",
        "quoteQty": "0.00035883",
        "time": 1629628427806,
        "isBuyerMaker": true,
        "isBestMatch": true
    },
    {
        "id": 7431917,
        "price": "0.00089708",
        "qty": "0.10000000",
        "quoteQty": "0.00008970",
        "time": 1629628427806,
        "isBuyerMaker": true,
        "isBestMatch": true
    },
    {
        "id": 7431918,
        "price": "0.00089685",
        "qty": "2.60000000",
        "quoteQty": "0.00233181",
        "time": 1629628428604,
        "isBuyerMaker": true,
        "isBestMatch": true
    },
    {
        "id": 7431919,
        "price": "0.00089684",
        "qty": "2.60000000",
        "quoteQty": "0.00233178",
        "time": 1629628428630,
        "isBuyerMaker": true,
        "isBestMatch": true
    },
    {
        "id": 7431920,
        "price": "0.00089643",
        "qty": "2.60000000",
        "quoteQty": "0.00233071",
        "time": 1629628428630,
        "isBuyerMaker": true,
        "isBestMatch": true
    },
    {
        "id": 7431921,
        "price": "0.00089622",
        "qty": "0.80000000",
        "quoteQty": "0.00071697",
        "time": 1629628428630,
        "isBuyerMaker": true,
        "isBestMatch": true
    },
    {
        "id": 7431922,
        "price": "0.00089676",
        "qty": "15.00000000",
        "quoteQty": "0.01345140",
        "time": 1629628434101,
        "isBuyerMaker": false,
        "isBestMatch": true
    },
    {
        "id": 7431923,
        "price": "0.00089676",
        "qty": "107.60000000",
        "quoteQty": "0.09649137",
        "time": 1629628434101,
        "isBuyerMaker": false,
        "isBestMatch": true
    },
    {
        "id": 7431924,
        "price": "0.00089689",
        "qty": "0.40000000",
        "quoteQty": "0.00035875",
        "time": 1629628434110,
        "isBuyerMaker": false,
        "isBestMatch": true
    },
    {
        "id": 7431925,
        "price": "0.00089708",
        "qty": "17.80000000",
        "quoteQty": "0.01596802",
        "time": 1629628434154,
        "isBuyerMaker": true,
        "isBestMatch": true
    },
    {
        "id": 7431926,
        "price": "0.00089738",
        "qty": "2.30000000",
        "quoteQty": "0.00206397",
        "time": 1629628434633,
        "isBuyerMaker": false,
        "isBestMatch": true
    },
    {
        "id": 7431927,
        "price": "0.00089743",
        "qty": "7.60000000",
        "quoteQty": "0.00682046",
        "time": 1629628434633,
        "isBuyerMaker": false,
        "isBestMatch": true
    },
    {
        "id": 7431928,
        "price": "0.00089752",
        "qty": "2.30000000",
        "quoteQty": "0.00206429",
        "time": 1629628436994,
        "isBuyerMaker": false,
        "isBestMatch": true
    },
    {
        "id": 7431929,
        "price": "0.00089753",
        "qty": "8.40000000",
        "quoteQty": "0.00753925",
        "time": 1629628436994,
        "isBuyerMaker": false,
        "isBestMatch": true
    },
    {
        "id": 7431930,
        "price": "0.00089732",
        "qty": "3.80000000",
        "quoteQty": "0.00340981",
        "time": 1629628437165,
        "isBuyerMaker": true,
        "isBestMatch": true
    },
    {
        "id": 7431931,
        "price": "0.00089901",
        "qty": "3.50000000",
        "quoteQty": "0.00314653",
        "time": 1629628445586,
        "isBuyerMaker": false,
        "isBestMatch": true
    },
    {
        "id": 7431932,
        "price": "0.00089809",
        "qty": "6.60000000",
        "quoteQty": "0.00592739",
        "time": 1629628449006,
        "isBuyerMaker": true,
        "isBestMatch": true
    },
    {
        "id": 7431933,
        "price": "0.00089882",
        "qty": "2.60000000",
        "quoteQty": "0.00233693",
        "time": 1629628449137,
        "isBuyerMaker": true,
        "isBestMatch": true
    },
    {
        "id": 7431934,
        "price": "0.00089809",
        "qty": "0.20000000",
        "quoteQty": "0.00017961",
        "time": 1629628449435,
        "isBuyerMaker": true,
        "isBestMatch": true
    },
    {
        "id": 7431935,
        "price": "0.00089901",
        "qty": "2.70000000",
        "quoteQty": "0.00242732",
        "time": 1629628451643,
        "isBuyerMaker": false,
        "isBestMatch": true
    },
    {
        "id": 7431936,
        "price": "0.00089884",
        "qty": "15.00000000",
        "quoteQty": "0.01348260",
        "time": 1629628455448,
        "isBuyerMaker": true,
        "isBestMatch": true
    },
    {
        "id": 7431937,
        "price": "0.00089757",
        "qty": "0.40000000",
        "quoteQty": "0.00035902",
        "time": 1629628463681,
        "isBuyerMaker": true,
        "isBestMatch": true
    },
    {
        "id": 7431938,
        "price": "0.00089757",
        "qty": "0.20000000",
        "quoteQty": "0.00017951",
        "time": 1629628469547,
        "isBuyerMaker": true,
        "isBestMatch": true
    },
    {
        "id": 7431939,
        "price": "0.00089707",
        "qty": "1.10000000",
        "quoteQty": "0.00098677",
        "time": 1629628473246,
        "isBuyerMaker": true,
        "isBestMatch": true
    },
    {
        "id": 7431940,
        "price": "0.00089703",
        "qty": "2.50000000",
        "quoteQty": "0.00224257",
        "time": 1629628473246,
        "isBuyerMaker": true,
        "isBestMatch": true
    },
    {
        "id": 7431941,
        "price": "0.00089791",
        "qty": "0.60000000",
        "quoteQty": "0.00053874",
        "time": 1629628473523,
        "isBuyerMaker": true,
        "isBestMatch": true
    },
    {
        "id": 7431942,
        "price": "0.00089851",
        "qty": "0.20000000",
        "quoteQty": "0.00017970",
        "time": 1629628480135,
        "isBuyerMaker": false,
        "isBestMatch": true
    },
    {
        "id": 7431943,
        "price": "0.00089858",
        "qty": "0.20000000",
        "quoteQty": "0.00017971",
        "time": 1629628480595,
        "isBuyerMaker": false,
        "isBestMatch": true
    },
    {
        "id": 7431944,
        "price": "0.00089798",
        "qty": "0.60000000",
        "quoteQty": "0.00053878",
        "time": 1629628482802,
        "isBuyerMaker": true,
        "isBestMatch": true
    },
    {
        "id": 7431945,
        "price": "0.00089785",
        "qty": "3.60000000",
        "quoteQty": "0.00323226",
        "time": 1629628482802,
        "isBuyerMaker": true,
        "isBestMatch": true
    },
    {
        "id": 7431946,
        "price": "0.00089784",
        "qty": "0.40000000",
        "quoteQty": "0.00035913",
        "time": 1629628482802,
        "isBuyerMaker": true,
        "isBestMatch": true
    },
    {
        "id": 7431947,
        "price": "0.00089844",
        "qty": "0.40000000",
        "quoteQty": "0.00035937",
        "time": 1629628491556,
        "isBuyerMaker": true,
        "isBestMatch": true
    },
    {
        "id": 7431948,
        "price": "0.00089844",
        "qty": "4.60000000",
        "quoteQty": "0.00413282",
        "time": 1629628491622,
        "isBuyerMaker": true,
        "isBestMatch": true
    },
    {
        "id": 7431949,
        "price": "0.00089817",
        "qty": "6.50000000",
        "quoteQty": "0.00583810",
        "time": 1629628494310,
        "isBuyerMaker": true,
        "isBestMatch": true
    },
    {
        "id": 7431950,
        "price": "0.00089784",
        "qty": "0.20000000",
        "quoteQty": "0.00017956",
        "time": 1629628497090,
        "isBuyerMaker": false,
        "isBestMatch": true
    },
    {
        "id": 7431951,
        "price": "0.00089841",
        "qty": "9.80000000",
        "quoteQty": "0.00880441",
        "time": 1629628503633,
        "isBuyerMaker": true,
        "isBestMatch": true
    },
    {
        "id": 7431952,
        "price": "0.00089785",
        "qty": "0.70000000",
        "quoteQty": "0.00062849",
        "time": 1629628503654,
        "isBuyerMaker": true,
        "isBestMatch": true
    },
    {
        "id": 7431953,
        "price": "0.00089759",
        "qty": "9.10000000",
        "quoteQty": "0.00816806",
        "time": 1629628503654,
        "isBuyerMaker": true,
        "isBestMatch": true
    },
    {
        "id": 7431954,
        "price": "0.00089746",
        "qty": "0.50000000",
        "quoteQty": "0.00044873",
        "time": 1629628507034,
        "isBuyerMaker": true,
        "isBestMatch": true
    },
    {
        "id": 7431955,
        "price": "0.00089765",
        "qty": "4.00000000",
        "quoteQty": "0.00359060",
        "time": 1629628515147,
        "isBuyerMaker": false,
        "isBestMatch": true
    },
    {
        "id": 7431956,
        "price": "0.00089768",
        "qty": "0.50000000",
        "quoteQty": "0.00044884",
        "time": 1629628518090,
        "isBuyerMaker": true,
        "isBestMatch": true
    },
    {
        "id": 7431957,
        "price": "0.00089768",
        "qty": "3.20000000",
        "quoteQty": "0.00287257",
        "time": 1629628518090,
        "isBuyerMaker": true,
        "isBestMatch": true
    },
    {
        "id": 7431958,
        "price": "0.00089758",
        "qty": "15.00000000",
        "quoteQty": "0.01346370",
        "time": 1629628518090,
        "isBuyerMaker": true,
        "isBestMatch": true
    },
    {
        "id": 7431959,
        "price": "0.00089747",
        "qty": "63.00000000",
        "quoteQty": "0.05654061",
        "time": 1629628518090,
        "isBuyerMaker": true,
        "isBestMatch": true
    },
    {
        "id": 7431960,
        "price": "0.00089747",
        "qty": "39.60000000",
        "quoteQty": "0.03553981",
        "time": 1629628518090,
        "isBuyerMaker": true,
        "isBestMatch": true
    },
    {
        "id": 7431961,
        "price": "0.00089746",
        "qty": "332.50000000",
        "quoteQty": "0.29840545",
        "time": 1629628518090,
        "isBuyerMaker": true,
        "isBestMatch": true
    },
    {
        "id": 7431962,
        "price": "0.00089746",
        "qty": "4.60000000",
        "quoteQty": "0.00412831",
        "time": 1629628518090,
        "isBuyerMaker": true,
        "isBestMatch": true
    },
    {
        "id": 7431963,
        "price": "0.00089734",
        "qty": "13.20000000",
        "quoteQty": "0.01184488",
        "time": 1629628518090,
        "isBuyerMaker": true,
        "isBestMatch": true
    },
    {
        "id": 7431964,
        "price": "0.00089727",
        "qty": "9.20000000",
        "quoteQty": "0.00825488",
        "time": 1629628518090,
        "isBuyerMaker": true,
        "isBestMatch": true
    },
    {
        "id": 7431965,
        "price": "0.00089681",
        "qty": "19.70000000",
        "quoteQty": "0.01766715",
        "time": 1629628518090,
        "isBuyerMaker": true,
        "isBestMatch": true
    },
    {
        "id": 7431966,
        "price": "0.00089856",
        "qty": "0.20000000",
        "quoteQty": "0.00017971",
        "time": 1629628524444,
        "isBuyerMaker": false,
        "isBestMatch": true
    },
    {
        "id": 7431967,
        "price": "0.00089815",
        "qty": "2.40000000",
        "quoteQty": "0.00215556",
        "time": 1629628525408,
        "isBuyerMaker": true,
        "isBestMatch": true
    },
    {
        "id": 7431968,
        "price": "0.00089813",
        "qty": "25.80000000",
        "quoteQty": "0.02317175",
        "time": 1629628525408,
        "isBuyerMaker": true,
        "isBestMatch": true
    },
    {
        "id": 7431969,
        "price": "0.00089790",
        "qty": "3.60000000",
        "quoteQty": "0.00323244",
        "time": 1629628531565,
        "isBuyerMaker": true,
        "isBestMatch": true
    },
    {
        "id": 7431970,
        "price": "0.00089790",
        "qty": "11.40000000",
        "quoteQty": "0.01023606",
        "time": 1629628531903,
        "isBuyerMaker": true,
        "isBestMatch": true
    },
    {
        "id": 7431971,
        "price": "0.00089833",
        "qty": "10.40000000",
        "quoteQty": "0.00934263",
        "time": 1629628534894,
        "isBuyerMaker": true,
        "isBestMatch": true
    },
    {
        "id": 7431972,
        "price": "0.00089771",
        "qty": "15.00000000",
        "quoteQty": "0.01346565",
        "time": 1629628534894,
        "isBuyerMaker": true,
        "isBestMatch": true
    },
    {
        "id": 7431973,
        "price": "0.00089767",
        "qty": "2.40000000",
        "quoteQty": "0.00215440",
        "time": 1629628534894,
        "isBuyerMaker": true,
        "isBestMatch": true
    },
    {
        "id": 7431974,
        "price": "0.00089765",
        "qty": "8.20000000",
        "quoteQty": "0.00736073",
        "time": 1629628534894,
        "isBuyerMaker": true,
        "isBestMatch": true
    },
    {
        "id": 7431975,
        "price": "0.00089877",
        "qty": "0.40000000",
        "quoteQty": "0.00035950",
        "time": 1629628546447,
        "isBuyerMaker": false,
        "isBestMatch": true
    },
    {
        "id": 7431976,
        "price": "0.00089842",
        "qty": "0.20000000",
        "quoteQty": "0.00017968",
        "time": 1629628550770,
        "isBuyerMaker": true,
        "isBestMatch": true
    },
    {
        "id": 7431977,
        "price": "0.00089842",
        "qty": "0.30000000",
        "quoteQty": "0.00026952",
        "time": 1629628551447,
        "isBuyerMaker": true,
        "isBestMatch": true
    },
    {
        "id": 7431978,
        "price": "0.00089808",
        "qty": "13.10000000",
        "quoteQty": "0.01176484",
        "time": 1629628559915,
        "isBuyerMaker": true,
        "isBestMatch": true
    },
    {
        "id": 7431979,
        "price": "0.00089774",
        "qty": "0.30000000",
        "quoteQty": "0.00026932",
        "time": 1629628562910,
        "isBuyerMaker": true,
        "isBestMatch": true
    },
    {
        "id": 7431980,
        "price": "0.00089880",
        "qty": "0.60000000",
        "quoteQty": "0.00053928",
        "time": 1629628567191,
        "isBuyerMaker": false,
        "isBestMatch": true
    },
    {
        "id": 7431981,
        "price": "0.00089782",
        "qty": "0.80000000",
        "quoteQty": "0.00071825",
        "time": 1629628567393,
        "isBuyerMaker": true,
        "isBestMatch": true
    },
    {
        "id": 7431982,
        "price": "0.00089782",
        "qty": "15.00000000",
        "quoteQty": "0.01346730",
        "time": 1629628567393,
        "isBuyerMaker": true,
        "isBestMatch": true
    },
    {
        "id": 7431983,
        "price": "0.00089781",
        "qty": "19.90000000",
        "quoteQty": "0.01786641",
        "time": 1629628567393,
        "isBuyerMaker": true,
        "isBestMatch": true
    },
    {
        "id": 7431984,
        "price": "0.00089859",
        "qty": "0.50000000",
        "quoteQty": "0.00044929",
        "time": 1629628567474,
        "isBuyerMaker": true,
        "isBestMatch": true
    },
    {
        "id": 7431985,
        "price": "0.00089785",
        "qty": "0.20000000",
        "quoteQty": "0.00017957",
        "time": 1629628570502,
        "isBuyerMaker": true,
        "isBestMatch": true
    },
    {
        "id": 7431986,
        "price": "0.00089784",
        "qty": "45.10000000",
        "quoteQty": "0.04049258",
        "time": 1629628570502,
        "isBuyerMaker": true,
        "isBestMatch": true
    },
    {
        "id": 7431987,
        "price": "0.00089782",
        "qty": "13.70000000",
        "quoteQty": "0.01230013",
        "time": 1629628570502,
        "isBuyerMaker": true,
        "isBestMatch": true
    },
    {
        "id": 7431988,
        "price": "0.00089859",
        "qty": "5.70000000",
        "quoteQty": "0.00512196",
        "time": 1629628571395,
        "isBuyerMaker": false,
        "isBestMatch": true
    },
    {
        "id": 7431989,
        "price": "0.00089861",
        "qty": "1.60000000",
        "quoteQty": "0.00143777",
        "time": 1629628572196,
        "isBuyerMaker": false,
        "isBestMatch": true
    },
    {
        "id": 7431990,
        "price": "0.00089862",
        "qty": "0.60000000",
        "quoteQty": "0.00053917",
        "time": 1629628573503,
        "isBuyerMaker": false,
        "isBestMatch": true
    },
    {
        "id": 7431991,
        "price": "0.00089862",
        "qty": "1.10000000",
        "quoteQty": "0.00098848",
        "time": 1629628573646,
        "isBuyerMaker": false,
        "isBestMatch": true
    },
    {
        "id": 7431992,
        "price": "0.00089861",
        "qty": "0.80000000",
        "quoteQty": "0.00071888",
        "time": 1629628574806,
        "isBuyerMaker": false,
        "isBestMatch": true
    },
    {
        "id": 7431993,
        "price": "0.00089862",
        "qty": "0.30000000",
        "quoteQty": "0.00026958",
        "time": 1629628574806,
        "isBuyerMaker": false,
        "isBestMatch": true
    },
    {
        "id": 7431994,
        "price": "0.00089806",
        "qty": "0.80000000",
        "quoteQty": "0.00071844",
        "time": 1629628580110,
        "isBuyerMaker": false,
        "isBestMatch": true
    },
    {
        "id": 7431995,
        "price": "0.00089808",
        "qty": "0.20000000",
        "quoteQty": "0.00017961",
        "time": 1629628580202,
        "isBuyerMaker": false,
        "isBestMatch": true
    },
    {
        "id": 7431996,
        "price": "0.00089834",
        "qty": "15.00000000",
        "quoteQty": "0.01347510",
        "time": 1629628580749,
        "isBuyerMaker": false,
        "isBestMatch": true
    },
    {
        "id": 7431997,
        "price": "0.00089834",
        "qty": "8.00000000",
        "quoteQty": "0.00718672",
        "time": 1629628580800,
        "isBuyerMaker": false,
        "isBestMatch": true
    },
    {
        "id": 7431998,
        "price": "0.00089834",
        "qty": "7.00000000",
        "quoteQty": "0.00628838",
        "time": 1629628581886,
        "isBuyerMaker": false,
        "isBestMatch": true
    },
    {
        "id": 7431999,
        "price": "0.00089834",
        "qty": "4.30000000",
        "quoteQty": "0.00386286",
        "time": 1629628581951,
        "isBuyerMaker": true,
        "isBestMatch": true
    },
    {
        "id": 7432000,
        "price": "0.00089829",
        "qty": "4.00000000",
        "quoteQty": "0.00359316",
        "time": 1629628582108,
        "isBuyerMaker": false,
        "isBestMatch": true
    },
    {
        "id": 7432001,
        "price": "0.00089819",
        "qty": "15.00000000",
        "quoteQty": "0.01347285",
        "time": 1629628588719,
        "isBuyerMaker": false,
        "isBestMatch": true
    },
    {
        "id": 7432002,
        "price": "0.00089819",
        "qty": "4.30000000",
        "quoteQty": "0.00386221",
        "time": 1629628588719,
        "isBuyerMaker": false,
        "isBestMatch": true
    },
    {
        "id": 7432003,
        "price": "0.00089819",
        "qty": "102.10000000",
        "quoteQty": "0.09170519",
        "time": 1629628588719,
        "isBuyerMaker": false,
        "isBestMatch": true
    },
    {
        "id": 7432004,
        "price": "0.00089848",
        "qty": "11.10000000",
        "quoteQty": "0.00997312",
        "time": 1629628588719,
        "isBuyerMaker": false,
        "isBestMatch": true
    },
    {
        "id": 7432005,
        "price": "0.00089849",
        "qty": "34.40000000",
        "quoteQty": "0.03090805",
        "time": 1629628588719,
        "isBuyerMaker": false,
        "isBestMatch": true
    },
    {
        "id": 7432006,
        "price": "0.00089729",
        "qty": "1.70000000",
        "quoteQty": "0.00152539",
        "time": 1629628589099,
        "isBuyerMaker": true,
        "isBestMatch": true
    },
    {
        "id": 7432007,
        "price": "0.00089728",
        "qty": "15.00000000",
        "quoteQty": "0.01345920",
        "time": 1629628589099,
        "isBuyerMaker": true,
        "isBestMatch": true
    },
    {
        "id": 7432008,
        "price": "0.00089724",
        "qty": "0.30000000",
        "quoteQty": "0.00026917",
        "time": 1629628589099,
        "isBuyerMaker": true,
        "isBestMatch": true
    },
    {
        "id": 7432009,
        "price": "0.00089722",
        "qty": "2.30000000",
        "quoteQty": "0.00206360",
        "time": 1629628589099,
        "isBuyerMaker": true,
        "isBestMatch": true
    },
    {
        "id": 7432010,
        "price": "0.00089747",
        "qty": "0.80000000",
        "quoteQty": "0.00071797",
        "time": 1629628591495,
        "isBuyerMaker": false,
        "isBestMatch": true
    },
    {
        "id": 7432011,
        "price": "0.00089751",
        "qty": "2.00000000",
        "quoteQty": "0.00179502",
        "time": 1629628591495,
        "isBuyerMaker": false,
        "isBestMatch": true
    },
    {
        "id": 7432012,
        "price": "0.00089644",
        "qty": "3.60000000",
        "quoteQty": "0.00322718",
        "time": 1629628599254,
        "isBuyerMaker": true,
        "isBestMatch": true
    },
    {
        "id": 7432013,
        "price": "0.00089652",
        "qty": "0.20000000",
        "quoteQty": "0.00017930",
        "time": 1629628603556,
        "isBuyerMaker": false,
        "isBestMatch": true
    },
    {
        "id": 7432014,
        "price": "0.00089611",
        "qty": "2.60000000",
        "quoteQty": "0.00232988",
        "time": 1629628606054,
        "isBuyerMaker": true,
        "isBestMatch": true
    },
    {
        "id": 7432015,
        "price": "0.00089619",
        "qty": "0.70000000",
        "quoteQty": "0.00062733",
        "time": 1629628606214,
        "isBuyerMaker": false,
        "isBestMatch": true
    },
    {
        "id": 7432016,
        "price": "0.00089621",
        "qty": "15.00000000",
        "quoteQty": "0.01344315",
        "time": 1629628606214,
        "isBuyerMaker": false,
        "isBestMatch": true
    },
    {
        "id": 7432017,
        "price": "0.00089632",
        "qty": "12.60000000",
        "quoteQty": "0.01129363",
        "time": 1629628606214,
        "isBuyerMaker": false,
        "isBestMatch": true
    },
    {
        "id": 7432018,
        "price": "0.00089676",
        "qty": "2.20000000",
        "quoteQty": "0.00197287",
        "time": 1629628606214,
        "isBuyerMaker": false,
        "isBestMatch": true
    },
    {
        "id": 7432019,
        "price": "0.00089580",
        "qty": "1.00000000",
        "quoteQty": "0.00089580",
        "time": 1629628607473,
        "isBuyerMaker": true,
        "isBestMatch": true
    },
    {
        "id": 7432020,
        "price": "0.00089574",
        "qty": "0.60000000",
        "quoteQty": "0.00053744",
        "time": 1629628607677,
        "isBuyerMaker": true,
        "isBestMatch": true
    },
    {
        "id": 7432021,
        "price": "0.00089564",
        "qty": "0.40000000",
        "quoteQty": "0.00035825",
        "time": 1629628607677,
        "isBuyerMaker": true,
        "isBestMatch": true
    },
    {
        "id": 7432022,
        "price": "0.00089553",
        "qty": "2.70000000",
        "quoteQty": "0.00241793",
        "time": 1629628607677,
        "isBuyerMaker": true,
        "isBestMatch": true
    },
    {
        "id": 7432023,
        "price": "0.00089550",
        "qty": "0.50000000",
        "quoteQty": "0.00044775",
        "time": 1629628607677,
        "isBuyerMaker": true,
        "isBestMatch": true
    },
    {
        "id": 7432024,
        "price": "0.00089538",
        "qty": "0.30000000",
        "quoteQty": "0.00026861",
        "time": 1629628607677,
        "isBuyerMaker": true,
        "isBestMatch": true
    },
    {
        "id": 7432025,
        "price": "0.00089527",
        "qty": "1.70000000",
        "quoteQty": "0.00152195",
        "time": 1629628607677,
        "isBuyerMaker": true,
        "isBestMatch": true
    },
    {
        "id": 7432026,
        "price": "0.00089524",
        "qty": "0.30000000",
        "quoteQty": "0.00026857",
        "time": 1629628607677,
        "isBuyerMaker": true,
        "isBestMatch": true
    },
    {
        "id": 7432027,
        "price": "0.00089520",
        "qty": "0.30000000",
        "quoteQty": "0.00026856",
        "time": 1629628607677,
        "isBuyerMaker": true,
        "isBestMatch": true
    },
    {
        "id": 7432028,
        "price": "0.00089668",
        "qty": "15.00000000",
        "quoteQty": "0.01345020",
        "time": 1629628616250,
        "isBuyerMaker": false,
        "isBestMatch": true
    },
    {
        "id": 7432029,
        "price": "0.00089520",
        "qty": "3.70000000",
        "quoteQty": "0.00331224",
        "time": 1629628640999,
        "isBuyerMaker": true,
        "isBestMatch": true
    },
    {
        "id": 7432030,
        "price": "0.00089501",
        "qty": "0.80000000",
        "quoteQty": "0.00071600",
        "time": 1629628641619,
        "isBuyerMaker": true,
        "isBestMatch": true
    },
    {
        "id": 7432031,
        "price": "0.00089500",
        "qty": "4.00000000",
        "quoteQty": "0.00358000",
        "time": 1629628641619,
        "isBuyerMaker": true,
        "isBestMatch": true
    },
    {
        "id": 7432032,
        "price": "0.00089500",
        "qty": "4.00000000",
        "quoteQty": "0.00358000",
        "time": 1629628641619,
        "isBuyerMaker": true,
        "isBestMatch": true
    },
    {
        "id": 7432033,
        "price": "0.00089498",
        "qty": "0.80000000",
        "quoteQty": "0.00071598",
        "time": 1629628641619,
        "isBuyerMaker": true,
        "isBestMatch": true
    },
    {
        "id": 7432034,
        "price": "0.00089469",
        "qty": "0.30000000",
        "quoteQty": "0.00026840",
        "time": 1629628641619,
        "isBuyerMaker": true,
        "isBestMatch": true
    },
    {
        "id": 7432035,
        "price": "0.00089451",
        "qty": "3.30000000",
        "quoteQty": "0.00295188",
        "time": 1629628641619,
        "isBuyerMaker": true,
        "isBestMatch": true
    },
    {
        "id": 7432036,
        "price": "0.00089451",
        "qty": "0.50000000",
        "quoteQty": "0.00044725",
        "time": 1629628641619,
        "isBuyerMaker": true,
        "isBestMatch": true
    },
    {
        "id": 7432037,
        "price": "0.00089441",
        "qty": "0.30000000",
        "quoteQty": "0.00026832",
        "time": 1629628641619,
        "isBuyerMaker": true,
        "isBestMatch": true
    },
    {
        "id": 7432038,
        "price": "0.00089431",
        "qty": "0.40000000",
        "quoteQty": "0.00035772",
        "time": 1629628641619,
        "isBuyerMaker": true,
        "isBestMatch": true
    },
    {
        "id": 7432039,
        "price": "0.00089431",
        "qty": "43.00000000",
        "quoteQty": "0.03845533",
        "time": 1629628641619,
        "isBuyerMaker": true,
        "isBestMatch": true
    },
    {
        "id": 7432040,
        "price": "0.00089431",
        "qty": "39.00000000",
        "quoteQty": "0.03487809",
        "time": 1629628641619,
        "isBuyerMaker": true,
        "isBestMatch": true
    },
    {
        "id": 7432041,
        "price": "0.00089431",
        "qty": "66.00000000",
        "quoteQty": "0.05902446",
        "time": 1629628641620,
        "isBuyerMaker": true,
        "isBestMatch": true
    },
    {
        "id": 7432042,
        "price": "0.00089430",
        "qty": "5.40000000",
        "quoteQty": "0.00482922",
        "time": 1629628641620,
        "isBuyerMaker": true,
        "isBestMatch": true
    },
    {
        "id": 7432043,
        "price": "0.00089417",
        "qty": "0.70000000",
        "quoteQty": "0.00062591",
        "time": 1629628641620,
        "isBuyerMaker": true,
        "isBestMatch": true
    },
    {
        "id": 7432044,
        "price": "0.00089408",
        "qty": "24.30000000",
        "quoteQty": "0.02172614",
        "time": 1629628641620,
        "isBuyerMaker": true,
        "isBestMatch": true
    },
    {
        "id": 7432045,
        "price": "0.00089408",
        "qty": "30.60000000",
        "quoteQty": "0.02735884",
        "time": 1629628641621,
        "isBuyerMaker": true,
        "isBestMatch": true
    },
    {
        "id": 7432046,
        "price": "0.00089404",
        "qty": "65.80000000",
        "quoteQty": "0.05882783",
        "time": 1629628641621,
        "isBuyerMaker": true,
        "isBestMatch": true
    },
    {
        "id": 7432047,
        "price": "0.00089404",
        "qty": "351.10000000",
        "quoteQty": "0.31389744",
        "time": 1629628641622,
        "isBuyerMaker": true,
        "isBestMatch": true
    },
    {
        "id": 7432048,
        "price": "0.00089403",
        "qty": "50.00000000",
        "quoteQty": "0.04470150",
        "time": 1629628641622,
        "isBuyerMaker": true,
        "isBestMatch": true
    },
    {
        "id": 7432049,
        "price": "0.00089400",
        "qty": "0.30000000",
        "quoteQty": "0.00026820",
        "time": 1629628641622,
        "isBuyerMaker": true,
        "isBestMatch": true
    },
    {
        "id": 7432050,
        "price": "0.00089370",
        "qty": "0.30000000",
        "quoteQty": "0.00026811",
        "time": 1629628641622,
        "isBuyerMaker": true,
        "isBestMatch": true
    },
    {
        "id": 7432051,
        "price": "0.00089370",
        "qty": "45.20000000",
        "quoteQty": "0.04039524",
        "time": 1629628641622,
        "isBuyerMaker": true,
        "isBestMatch": true
    },
    {
        "id": 7432052,
        "price": "0.00089366",
        "qty": "95.60000000",
        "quoteQty": "0.08543389",
        "time": 1629628641622,
        "isBuyerMaker": true,
        "isBestMatch": true
    },
    {
        "id": 7432053,
        "price": "0.00089359",
        "qty": "1.00000000",
        "quoteQty": "0.00089359",
        "time": 1629628641622,
        "isBuyerMaker": true,
        "isBestMatch": true
    },
    {
        "id": 7432054,
        "price": "0.00089353",
        "qty": "0.30000000",
        "quoteQty": "0.00026805",
        "time": 1629628641622,
        "isBuyerMaker": true,
        "isBestMatch": true
    },
    {
        "id": 7432055,
        "price": "0.00089352",
        "qty": "0.60000000",
        "quoteQty": "0.00053611",
        "time": 1629628641622,
        "isBuyerMaker": true,
        "isBestMatch": true
    },
    {
        "id": 7432056,
        "price": "0.00089343",
        "qty": "3.10000000",
        "quoteQty": "0.00276963",
        "time": 1629628641622,
        "isBuyerMaker": true,
        "isBestMatch": true
    },
    {
        "id": 7432057,
        "price": "0.00089343",
        "qty": "11.60000000",
        "quoteQty": "0.01036378",
        "time": 1629628641622,
        "isBuyerMaker": true,
        "isBestMatch": true
    },
    {
        "id": 7432058,
        "price": "0.00089333",
        "qty": "2.80000000",
        "quoteQty": "0.00250132",
        "time": 1629628641622,
        "isBuyerMaker": true,
        "isBestMatch": true
    },
    {
        "id": 7432059,
        "price": "0.00089333",
        "qty": "0.30000000",
        "quoteQty": "0.00026799",
        "time": 1629628641622,
        "isBuyerMaker": true,
        "isBestMatch": true
    },
    {
        "id": 7432060,
        "price": "0.00089333",
        "qty": "5.00000000",
        "quoteQty": "0.00446665",
        "time": 1629628641622,
        "isBuyerMaker": true,
        "isBestMatch": true
    },
    {
        "id": 7432061,
        "price": "0.00089333",
        "qty": "6.60000000",
        "quoteQty": "0.00589597",
        "time": 1629628641622,
        "isBuyerMaker": true,
        "isBestMatch": true
    },
    {
        "id": 7432062,
        "price": "0.00089327",
        "qty": "14.70000000",
        "quoteQty": "0.01313106",
        "time": 1629628641622,
        "isBuyerMaker": true,
        "isBestMatch": true
    },
    {
        "id": 7432063,
        "price": "0.00089327",
        "qty": "14.70000000",
        "quoteQty": "0.01313106",
        "time": 1629628641622,
        "isBuyerMaker": true,
        "isBestMatch": true
    },
    {
        "id": 7432064,
        "price": "0.00089325",
        "qty": "14.70000000",
        "quoteQty": "0.01313077",
        "time": 1629628641622,
        "isBuyerMaker": true,
        "isBestMatch": true
    },
    {
        "id": 7432065,
        "price": "0.00089324",
        "qty": "45.70000000",
        "quoteQty": "0.04082106",
        "time": 1629628641622,
        "isBuyerMaker": true,
        "isBestMatch": true
    },
    {
        "id": 7432066,
        "price": "0.00089324",
        "qty": "9.00000000",
        "quoteQty": "0.00803916",
        "time": 1629628641623,
        "isBuyerMaker": true,
        "isBestMatch": true
    },
    {
        "id": 7432067,
        "price": "0.00089323",
        "qty": "14.70000000",
        "quoteQty": "0.01313048",
        "time": 1629628641623,
        "isBuyerMaker": true,
        "isBestMatch": true
    },
    {
        "id": 7432068,
        "price": "0.00089337",
        "qty": "15.00000000",
        "quoteQty": "0.01340055",
        "time": 1629628641634,
        "isBuyerMaker": true,
        "isBestMatch": true
    },
    {
        "id": 7432069,
        "price": "0.00089311",
        "qty": "36.60000000",
        "quoteQty": "0.03268782",
        "time": 1629628641634,
        "isBuyerMaker": true,
        "isBestMatch": true
    },
    {
        "id": 7432070,
        "price": "0.00089418",
        "qty": "0.80000000",
        "quoteQty": "0.00071534",
        "time": 1629628641636,
        "isBuyerMaker": true,
        "isBestMatch": true
    },
    {
        "id": 7432071,
        "price": "0.00089356",
        "qty": "15.00000000",
        "quoteQty": "0.01340340",
        "time": 1629628641638,
        "isBuyerMaker": true,
        "isBestMatch": true
    },
    {
        "id": 7432072,
        "price": "0.00089395",
        "qty": "15.00000000",
        "quoteQty": "0.01340925",
        "time": 1629628641699,
        "isBuyerMaker": true,
        "isBestMatch": true
    },
    {
        "id": 7432073,
        "price": "0.00089345",
        "qty": "0.20000000",
        "quoteQty": "0.00017869",
        "time": 1629628641705,
        "isBuyerMaker": true,
        "isBestMatch": true
    },
    {
        "id": 7432074,
        "price": "0.00089343",
        "qty": "2.00000000",
        "quoteQty": "0.00178686",
        "time": 1629628641705,
        "isBuyerMaker": true,
        "isBestMatch": true
    },
    {
        "id": 7432075,
        "price": "0.00089343",
        "qty": "0.60000000",
        "quoteQty": "0.00053605",
        "time": 1629628641709,
        "isBuyerMaker": true,
        "isBestMatch": true
    },
    {
        "id": 7432076,
        "price": "0.00089343",
        "qty": "11.00000000",
        "quoteQty": "0.00982773",
        "time": 1629628641721,
        "isBuyerMaker": true,
        "isBestMatch": true
    },
    {
        "id": 7432077,
        "price": "0.00089343",
        "qty": "1.40000000",
        "quoteQty": "0.00125080",
        "time": 1629628641728,
        "isBuyerMaker": true,
        "isBestMatch": true
    },
    {
        "id": 7432078,
        "price": "0.00089324",
        "qty": "27.00000000",
        "quoteQty": "0.02411748",
        "time": 1629628641728,
        "isBuyerMaker": true,
        "isBestMatch": true
    },
    {
        "id": 7432079,
        "price": "0.00089324",
        "qty": "16.60000000",
        "quoteQty": "0.01482778",
        "time": 1629628641728,
        "isBuyerMaker": true,
        "isBestMatch": true
    },
    {
        "id": 7432080,
        "price": "0.00089324",
        "qty": "16.00000000",
        "quoteQty": "0.01429184",
        "time": 1629628641728,
        "isBuyerMaker": true,
        "isBestMatch": true
    },
    {
        "id": 7432081,
        "price": "0.00089324",
        "qty": "7.00000000",
        "quoteQty": "0.00625268",
        "time": 1629628641732,
        "isBuyerMaker": true,
        "isBestMatch": true
    },
    {
        "id": 7432082,
        "price": "0.00089306",
        "qty": "0.20000000",
        "quoteQty": "0.00017861",
        "time": 1629628641732,
        "isBuyerMaker": true,
        "isBestMatch": true
    },
    {
        "id": 7432083,
        "price": "0.00089298",
        "qty": "0.40000000",
        "quoteQty": "0.00035719",
        "time": 1629628641732,
        "isBuyerMaker": true,
        "isBestMatch": true
    },
    {
        "id": 7432084,
        "price": "0.00089288",
        "qty": "0.30000000",
        "quoteQty": "0.00026786",
        "time": 1629628641732,
        "isBuyerMaker": true,
        "isBestMatch": true
    },
    {
        "id": 7432085,
        "price": "0.00089285",
        "qty": "0.20000000",
        "quoteQty": "0.00017857",
        "time": 1629628641732,
        "isBuyerMaker": true,
        "isBestMatch": true
    },
    {
        "id": 7432086,
        "price": "0.00089269",
        "qty": "2.90000000",
        "quoteQty": "0.00258880",
        "time": 1629628641732,
        "isBuyerMaker": true,
        "isBestMatch": true
    },
    {
        "id": 7432087,
        "price": "0.00089325",
        "qty": "0.80000000",
        "quoteQty": "0.00071460",
        "time": 1629628641748,
        "isBuyerMaker": true,
        "isBestMatch": true
    },
    {
        "id": 7432088,
        "price": "0.00089324",
        "qty": "5.00000000",
        "quoteQty": "0.00446620",
        "time": 1629628641771,
        "isBuyerMaker": true,
        "isBestMatch": true
    },
    {
        "id": 7432089,
        "price": "0.00089367",
        "qty": "0.20000000",
        "quoteQty": "0.00017873",
        "time": 1629628643919,
        "isBuyerMaker": false,
        "isBestMatch": true
    },
    {
        "id": 7432090,
        "price": "0.00089379",
        "qty": "10.00000000",
        "quoteQty": "0.00893790",
        "time": 1629628646960,
        "isBuyerMaker": false,
        "isBestMatch": true
    },
    {
        "id": 7432091,
        "price": "0.00089342",
        "qty": "65.30000000",
        "quoteQty": "0.05834032",
        "time": 1629628647670,
        "isBuyerMaker": false,
        "isBestMatch": true
    },
    {
        "id": 7432092,
        "price": "0.00089309",
        "qty": "4.20000000",
        "quoteQty": "0.00375097",
        "time": 1629628648313,
        "isBuyerMaker": true,
        "isBestMatch": true
    },
    {
        "id": 7432093,
        "price": "0.00089304",
        "qty": "15.00000000",
        "quoteQty": "0.01339560",
        "time": 1629628648313,
        "isBuyerMaker": true,
        "isBestMatch": true
    },
    {
        "id": 7432094,
        "price": "0.00089300",
        "qty": "12.10000000",
        "quoteQty": "0.01080530",
        "time": 1629628648313,
        "isBuyerMaker": true,
        "isBestMatch": true
    },
    {
        "id": 7432095,
        "price": "0.00089300",
        "qty": "180.80000000",
        "quoteQty": "0.16145440",
        "time": 1629628648321,
        "isBuyerMaker": false,
        "isBestMatch": true
    },
    {
        "id": 7432096,
        "price": "0.00089300",
        "qty": "187.50000000",
        "quoteQty": "0.16743750",
        "time": 1629628648321,
        "isBuyerMaker": false,
        "isBestMatch": true
    },
    {
        "id": 7432097,
        "price": "0.00089457",
        "qty": "2.40000000",
        "quoteQty": "0.00214696",
        "time": 1629628649995,
        "isBuyerMaker": false,
        "isBestMatch": true
    },
    {
        "id": 7432098,
        "price": "0.00089460",
        "qty": "15.00000000",
        "quoteQty": "0.01341900",
        "time": 1629628649995,
        "isBuyerMaker": false,
        "isBestMatch": true
    },
    {
        "id": 7432099,
        "price": "0.00089473",
        "qty": "0.30000000",
        "quoteQty": "0.00026841",
        "time": 1629628649995,
        "isBuyerMaker": false,
        "isBestMatch": true
    },
    {
        "id": 7432100,
        "price": "0.00089478",
        "qty": "15.10000000",
        "quoteQty": "0.01351117",
        "time": 1629628649995,
        "isBuyerMaker": false,
        "isBestMatch": true
    },
    {
        "id": 7432101,
        "price": "0.00089479",
        "qty": "67.80000000",
        "quoteQty": "0.06066676",
        "time": 1629628649995,
        "isBuyerMaker": false,
        "isBestMatch": true
    },
    {
        "id": 7432102,
        "price": "0.00089444",
        "qty": "1.70000000",
        "quoteQty": "0.00152054",
        "time": 1629628650468,
        "isBuyerMaker": false,
        "isBestMatch": true
    },
    {
        "id": 7432103,
        "price": "0.00089490",
        "qty": "2.30000000",
        "quoteQty": "0.00205827",
        "time": 1629628650468,
        "isBuyerMaker": false,
        "isBestMatch": true
    },
    {
        "id": 7432104,
        "price": "0.00089497",
        "qty": "50.00000000",
        "quoteQty": "0.04474850",
        "time": 1629628650468,
        "isBuyerMaker": false,
        "isBestMatch": true
    },
    {
        "id": 7432105,
        "price": "0.00089510",
        "qty": "30.30000000",
        "quoteQty": "0.02712153",
        "time": 1629628650468,
        "isBuyerMaker": false,
        "isBestMatch": true
    },
    {
        "id": 7432106,
        "price": "0.00089383",
        "qty": "0.80000000",
        "quoteQty": "0.00071506",
        "time": 1629628650944,
        "isBuyerMaker": true,
        "isBestMatch": true
    },
    {
        "id": 7432107,
        "price": "0.00089383",
        "qty": "0.80000000",
        "quoteQty": "0.00071506",
        "time": 1629628650969,
        "isBuyerMaker": true,
        "isBestMatch": true
    },
    {
        "id": 7432108,
        "price": "0.00089338",
        "qty": "12.70000000",
        "quoteQty": "0.01134592",
        "time": 1629628650981,
        "isBuyerMaker": true,
        "isBestMatch": true
    },
    {
        "id": 7432109,
        "price": "0.00089336",
        "qty": "0.30000000",
        "quoteQty": "0.00026800",
        "time": 1629628650998,
        "isBuyerMaker": true,
        "isBestMatch": true
    },
    {
        "id": 7432110,
        "price": "0.00089406",
        "qty": "15.00000000",
        "quoteQty": "0.01341090",
        "time": 1629628654536,
        "isBuyerMaker": false,
        "isBestMatch": true
    },
    {
        "id": 7432111,
        "price": "0.00089419",
        "qty": "0.30000000",
        "quoteQty": "0.00026825",
        "time": 1629628654536,
        "isBuyerMaker": false,
        "isBestMatch": true
    },
    {
        "id": 7432112,
        "price": "0.00089437",
        "qty": "69.00000000",
        "quoteQty": "0.06171153",
        "time": 1629628654536,
        "isBuyerMaker": false,
        "isBestMatch": true
    },
    {
        "id": 7432113,
        "price": "0.00089425",
        "qty": "15.00000000",
        "quoteQty": "0.01341375",
        "time": 1629628654983,
        "isBuyerMaker": false,
        "isBestMatch": true
    },
    {
        "id": 7432114,
        "price": "0.00089437",
        "qty": "7.10000000",
        "quoteQty": "0.00635002",
        "time": 1629628654983,
        "isBuyerMaker": false,
        "isBestMatch": true
    },
    {
        "id": 7432115,
        "price": "0.00089486",
        "qty": "9.90000000",
        "quoteQty": "0.00885911",
        "time": 1629628654983,
        "isBuyerMaker": false,
        "isBestMatch": true
    },
    {
        "id": 7432116,
        "price": "0.00089332",
        "qty": "3.30000000",
        "quoteQty": "0.00294795",
        "time": 1629628655649,
        "isBuyerMaker": true,
        "isBestMatch": true
    },
    {
        "id": 7432117,
        "price": "0.00089330",
        "qty": "0.30000000",
        "quoteQty": "0.00026799",
        "time": 1629628655649,
        "isBuyerMaker": true,
        "isBestMatch": true
    },
    {
        "id": 7432118,
        "price": "0.00089472",
        "qty": "0.30000000",
        "quoteQty": "0.00026841",
        "time": 1629628656522,
        "isBuyerMaker": false,
        "isBestMatch": true
    },
    {
        "id": 7432119,
        "price": "0.00089473",
        "qty": "14.70000000",
        "quoteQty": "0.01315253",
        "time": 1629628656522,
        "isBuyerMaker": false,
        "isBestMatch": true
    },
    {
        "id": 7432120,
        "price": "0.00089459",
        "qty": "8.70000000",
        "quoteQty": "0.00778293",
        "time": 1629628659685,
        "isBuyerMaker": false,
        "isBestMatch": true
    },
    {
        "id": 7432121,
        "price": "0.00089416",
        "qty": "15.00000000",
        "quoteQty": "0.01341240",
        "time": 1629628661563,
        "isBuyerMaker": false,
        "isBestMatch": true
    },
    {
        "id": 7432122,
        "price": "0.00089416",
        "qty": "5.00000000",
        "quoteQty": "0.00447080",
        "time": 1629628661563,
        "isBuyerMaker": false,
        "isBestMatch": true
    },
    {
        "id": 7432123,
        "price": "0.00089459",
        "qty": "15.00000000",
        "quoteQty": "0.01341885",
        "time": 1629628661636,
        "isBuyerMaker": false,
        "isBestMatch": true
    },
    {
        "id": 7432124,
        "price": "0.00089487",
        "qty": "11.40000000",
        "quoteQty": "0.01020151",
        "time": 1629628661636,
        "isBuyerMaker": false,
        "isBestMatch": true
    },
    {
        "id": 7432125,
        "price": "0.00089480",
        "qty": "7.40000000",
        "quoteQty": "0.00662152",
        "time": 1629628661800,
        "isBuyerMaker": true,
        "isBestMatch": true
    },
    {
        "id": 7432126,
        "price": "0.00089480",
        "qty": "2.40000000",
        "quoteQty": "0.00214752",
        "time": 1629628661801,
        "isBuyerMaker": true,
        "isBestMatch": true
    },
    {
        "id": 7432127,
        "price": "0.00089471",
        "qty": "2.20000000",
        "quoteQty": "0.00196836",
        "time": 1629628661801,
        "isBuyerMaker": true,
        "isBestMatch": true
    },
    {
        "id": 7432128,
        "price": "0.00089471",
        "qty": "2.40000000",
        "quoteQty": "0.00214730",
        "time": 1629628661802,
        "isBuyerMaker": true,
        "isBestMatch": true
    },
    {
        "id": 7432129,
        "price": "0.00089466",
        "qty": "2.80000000",
        "quoteQty": "0.00250504",
        "time": 1629628661802,
        "isBuyerMaker": true,
        "isBestMatch": true
    },
    {
        "id": 7432130,
        "price": "0.00089480",
        "qty": "6.10000000",
        "quoteQty": "0.00545828",
        "time": 1629628661811,
        "isBuyerMaker": true,
        "isBestMatch": true
    },
    {
        "id": 7432131,
        "price": "0.00089593",
        "qty": "17.80000000",
        "quoteQty": "0.01594755",
        "time": 1629628662222,
        "isBuyerMaker": false,
        "isBestMatch": true
    },
    {
        "id": 7432132,
        "price": "0.00089610",
        "qty": "0.40000000",
        "quoteQty": "0.00035844",
        "time": 1629628662792,
        "isBuyerMaker": false,
        "isBestMatch": true
    },
    {
        "id": 7432133,
        "price": "0.00089580",
        "qty": "4.50000000",
        "quoteQty": "0.00403110",
        "time": 1629628663113,
        "isBuyerMaker": true,
        "isBestMatch": true
    },
    {
        "id": 7432134,
        "price": "0.00089579",
        "qty": "0.40000000",
        "quoteQty": "0.00035831",
        "time": 1629628663128,
        "isBuyerMaker": true,
        "isBestMatch": true
    },
    {
        "id": 7432135,
        "price": "0.00089580",
        "qty": "4.50000000",
        "quoteQty": "0.00403110",
        "time": 1629628663157,
        "isBuyerMaker": true,
        "isBestMatch": true
    },
    {
        "id": 7432136,
        "price": "0.00089573",
        "qty": "8.70000000",
        "quoteQty": "0.00779285",
        "time": 1629628663157,
        "isBuyerMaker": true,
        "isBestMatch": true
    },
    {
        "id": 7432137,
        "price": "0.00089555",
        "qty": "7.90000000",
        "quoteQty": "0.00707484",
        "time": 1629628663274,
        "isBuyerMaker": true,
        "isBestMatch": true
    },
    {
        "id": 7432138,
        "price": "0.00089555",
        "qty": "10.00000000",
        "quoteQty": "0.00895550",
        "time": 1629628663275,
        "isBuyerMaker": true,
        "isBestMatch": true
    },
    {
        "id": 7432139,
        "price": "0.00089555",
        "qty": "5.00000000",
        "quoteQty": "0.00447775",
        "time": 1629628663280,
        "isBuyerMaker": true,
        "isBestMatch": true
    },
    {
        "id": 7432140,
        "price": "0.00089555",
        "qty": "10.00000000",
        "quoteQty": "0.00895550",
        "time": 1629628663282,
        "isBuyerMaker": true,
        "isBestMatch": true
    },
    {
        "id": 7432141,
        "price": "0.00089555",
        "qty": "24.40000000",
        "quoteQty": "0.02185142",
        "time": 1629628663283,
        "isBuyerMaker": true,
        "isBestMatch": true
    },
    {
        "id": 7432142,
        "price": "0.00089555",
        "qty": "10.00000000",
        "quoteQty": "0.00895550",
        "time": 1629628663287,
        "isBuyerMaker": true,
        "isBestMatch": true
    },
    {
        "id": 7432143,
        "price": "0.00089555",
        "qty": "0.80000000",
        "quoteQty": "0.00071644",
        "time": 1629628663287,
        "isBuyerMaker": true,
        "isBestMatch": true
    },
    {
        "id": 7432144,
        "price": "0.00089465",
        "qty": "15.00000000",
        "quoteQty": "0.01341975",
        "time": 1629628665139,
        "isBuyerMaker": true,
        "isBestMatch": true
    },
    {
        "id": 7432145,
        "price": "0.00089439",
        "qty": "4.30000000",
        "quoteQty": "0.00384587",
        "time": 1629628665139,
        "isBuyerMaker": true,
        "isBestMatch": true
    },
    {
        "id": 7432146,
        "price": "0.00089427",
        "qty": "19.10000000",
        "quoteQty": "0.01708055",
        "time": 1629628665139,
        "isBuyerMaker": true,
        "isBestMatch": true
    },
    {
        "id": 7432147,
        "price": "0.00089360",
        "qty": "15.00000000",
        "quoteQty": "0.01340400",
        "time": 1629628665139,
        "isBuyerMaker": true,
        "isBestMatch": true
    },
    {
        "id": 7432148,
        "price": "0.00089443",
        "qty": "4.20000000",
        "quoteQty": "0.00375660",
        "time": 1629628666992,
        "isBuyerMaker": true,
        "isBestMatch": true
    },
    {
        "id": 7432149,
        "price": "0.00089442",
        "qty": "15.00000000",
        "quoteQty": "0.01341630",
        "time": 1629628666992,
        "isBuyerMaker": true,
        "isBestMatch": true
    },
    {
        "id": 7432150,
        "price": "0.00089422",
        "qty": "12.80000000",
        "quoteQty": "0.01144601",
        "time": 1629628666992,
        "isBuyerMaker": true,
        "isBestMatch": true
    },
    {
        "id": 7432151,
        "price": "0.00089420",
        "qty": "9.60000000",
        "quoteQty": "0.00858432",
        "time": 1629628666992,
        "isBuyerMaker": true,
        "isBestMatch": true
    },
    {
        "id": 7432152,
        "price": "0.00089360",
        "qty": "2.90000000",
        "quoteQty": "0.00259144",
        "time": 1629628667004,
        "isBuyerMaker": true,
        "isBestMatch": true
    },
    {
        "id": 7432153,
        "price": "0.00089347",
        "qty": "2.10000000",
        "quoteQty": "0.00187628",
        "time": 1629628667004,
        "isBuyerMaker": true,
        "isBestMatch": true
    },
    {
        "id": 7432154,
        "price": "0.00089463",
        "qty": "0.50000000",
        "quoteQty": "0.00044731",
        "time": 1629628671564,
        "isBuyerMaker": true,
        "isBestMatch": true
    },
    {
        "id": 7432155,
        "price": "0.00089407",
        "qty": "15.00000000",
        "quoteQty": "0.01341105",
        "time": 1629628672357,
        "isBuyerMaker": true,
        "isBestMatch": true
    },
    {
        "id": 7432156,
        "price": "0.00089400",
        "qty": "4.70000000",
        "quoteQty": "0.00420180",
        "time": 1629628672357,
        "isBuyerMaker": true,
        "isBestMatch": true
    },
    {
        "id": 7432157,
        "price": "0.00089491",
        "qty": "1.60000000",
        "quoteQty": "0.00143185",
        "time": 1629628676458,
        "isBuyerMaker": false,
        "isBestMatch": true
    },
    {
        "id": 7432158,
        "price": "0.00089492",
        "qty": "15.00000000",
        "quoteQty": "0.01342380",
        "time": 1629628676458,
        "isBuyerMaker": false,
        "isBestMatch": true
    },
    {
        "id": 7432159,
        "price": "0.00089497",
        "qty": "2.40000000",
        "quoteQty": "0.00214792",
        "time": 1629628676458,
        "isBuyerMaker": false,
        "isBestMatch": true
    },
    {
        "id": 7432160,
        "price": "0.00089523",
        "qty": "5.40000000",
        "quoteQty": "0.00483424",
        "time": 1629628676458,
        "isBuyerMaker": false,
        "isBestMatch": true
    },
    {
        "id": 7432161,
        "price": "0.00089495",
        "qty": "8.50000000",
        "quoteQty": "0.00760707",
        "time": 1629628678452,
        "isBuyerMaker": true,
        "isBestMatch": true
    },
    {
        "id": 7432162,
