[
    {
        "id": 4353691,
        "price": "0.00000050",
        "qty": "454690.00000000",
        "quoteQty": "0.22734500",
        "time": 1629971877463,
        "isBuyerMaker": true,
        "isBestMatch": true
    },
    {
        "id": 4353692,
        "price": "0.00000050",
        "qty": "14929.00000000",
        "quoteQty": "0.00746450",
        "time": 1629971877463,
        "isBuyerMaker": true,
        "isBestMatch": true
    },
    {
        "id": 4353693,
        "price": "0.00000050",
        "qty": "16833.00000000",
        "quoteQty": "0.00841650",
        "time": 1629971877463,
        "isBuyerMaker": true,
        "isBestMatch": true
    },
    {
        "id": 4353694,
        "price": "0.00000050",
        "qty": "17166.00000000",
        "quoteQty": "0.00858300",
        "time": 1629971877463,
        "isBuyerMaker": true,
        "isBestMatch": true
    },
    {
        "id": 4353695,
        "price": "0.00000050",
        "qty": "59940.00000000",
        "quoteQty": "0.02997000",
        "time": 1629971877463,
        "isBuyerMaker": true,
        "isBestMatch": true
    },
    {
        "id": 4353696,
        "price": "0.00000050",
        "qty": "59940.00000000",
        "quoteQty": "0.02997000",
        "time": 1629971877463,
        "isBuyerMaker": true,
        "isBestMatch": true
    },
    {
        "id": 4353697,
        "price": "0.00000050",
        "qty": "59940.00000000",
        "quoteQty": "0.02997000",
        "time": 1629971877463,
        "isBuyerMaker": true,
        "isBestMatch": true
    },
    {
        "id": 4353698,
        "price": "0.00000050",
        "qty": "252.00000000",
        "quoteQty": "0.00012600",
        "time": 1629971877463,
        "isBuyerMaker": true,
        "isBestMatch": true
    },
    {
        "id": 4353699,
        "price": "0.00000050",
        "qty": "3214.00000000",
        "quoteQty": "0.00160700",
        "time": 1629971877463,
        "isBuyerMaker": true,
        "isBestMatch": true
    },
    {
        "id": 4353700,
        "price": "0.00000050",
        "qty": "500.00000000",
        "quoteQty": "0.00025000",
        "time": 1629971877463,
        "isBuyerMaker": true,
        "isBestMatch": true
    },
    {
        "id": 4353701,
        "price": "0.00000050",
        "qty": "2000.00000000",
        "quoteQty": "0.00100000",
        "time": 1629971877463,
        "isBuyerMaker": true,
        "isBestMatch": true
    },
    {
        "id": 4353702,
        "price": "0.00000050",
        "qty": "29711.00000000",
        "quoteQty": "0.01485550",
        "time": 1629971877463,
        "isBuyerMaker": true,
        "isBestMatch": true
    },
    {
        "id": 4353703,
        "price": "0.00000050",
        "qty": "110711.00000000",
        "quoteQty": "0.05535550",
        "time": 1629971877463,
        "isBuyerMaker": true,
        "isBestMatch": true
    },
    {
        "id": 4353704,
        "price": "0.00000050",
        "qty": "340139.00000000",
        "quoteQty": "0.17006950",
        "time": 1629971877471,
        "isBuyerMaker": true,
        "isBestMatch": true
    },
    {
        "id": 4353705,
        "price": "0.00000050",
        "qty": "45264.00000000",
        "quoteQty": "0.02263200",
        "time": 1629971877471,
        "isBuyerMaker": true,
        "isBestMatch": true
    },
    {
        "id": 4353706,
        "price": "0.00000050",
        "qty": "32800.00000000",
        "quoteQty": "0.01640000",
        "time": 1629971877500,
        "isBuyerMaker": true,
        "isBestMatch": true
    },
    {
        "id": 4353707,
        "price": "0.00000050",
        "qty": "20600.00000000",
        "quoteQty": "0.01030000",
        "time": 1629971877524,
        "isBuyerMaker": true,
        "isBestMatch": true
    },
    {
        "id": 4353708,
        "price": "0.00000050",
        "qty": "1914.00000000",
        "quoteQty": "0.00095700",
        "time": 1629971877536,
        "isBuyerMaker": true,
        "isBestMatch": true
    },
    {
        "id": 4353709,
        "price": "0.00000050",
        "qty": "10000.00000000",
        "quoteQty": "0.00500000",
        "time": 1629971877536,
        "isBuyerMaker": true,
        "isBestMatch": true
    },
    {
        "id": 4353710,
        "price": "0.00000050",
        "qty": "2495.00000000",
        "quoteQty": "0.00124750",
        "time": 1629971877536,
        "isBuyerMaker": true,
        "isBestMatch": true
    },
    {
        "id": 4353711,
        "price": "0.00000050",
        "qty": "4702.00000000",
        "quoteQty": "0.00235100",
        "time": 1629971877536,
        "isBuyerMaker": true,
        "isBestMatch": true
    },
    {
        "id": 4353712,
        "price": "0.00000050",
        "qty": "165270.00000000",
        "quoteQty": "0.08263500",
        "time": 1629971877536,
        "isBuyerMaker": true,
        "isBestMatch": true
    },
    {
        "id": 4353713,
        "price": "0.00000050",
        "qty": "2790.00000000",
        "quoteQty": "0.00139500",
        "time": 1629971877543,
        "isBuyerMaker": true,
        "isBestMatch": true
    },
    {
        "id": 4353714,
        "price": "0.00000050",
        "qty": "28600.00000000",
        "quoteQty": "0.01430000",
        "time": 1629971877556,
        "isBuyerMaker": true,
        "isBestMatch": true
    },
    {
        "id": 4353715,
        "price": "0.00000050",
        "qty": "20641.00000000",
        "quoteQty": "0.01032050",
        "time": 1629971877712,
        "isBuyerMaker": true,
        "isBestMatch": true
    },
    {
        "id": 4353716,
        "price": "0.00000050",
        "qty": "134802.00000000",
        "quoteQty": "0.06740100",
        "time": 1629971877764,
        "isBuyerMaker": true,
        "isBestMatch": true
    },
    {
        "id": 4353717,
        "price": "0.00000050",
        "qty": "59880.00000000",
        "quoteQty": "0.02994000",
        "time": 1629971877843,
        "isBuyerMaker": true,
        "isBestMatch": true
    },
    {
        "id": 4353718,
        "price": "0.00000050",
        "qty": "19694.00000000",
        "quoteQty": "0.00984700",
        "time": 1629971877853,
        "isBuyerMaker": true,
        "isBestMatch": true
    },
    {
        "id": 4353719,
        "price": "0.00000050",
        "qty": "8323.00000000",
        "quoteQty": "0.00416150",
        "time": 1629971877857,
        "isBuyerMaker": true,
        "isBestMatch": true
    },
    {
        "id": 4353720,
        "price": "0.00000050",
        "qty": "38639.00000000",
        "quoteQty": "0.01931950",
        "time": 1629971877857,
        "isBuyerMaker": true,
        "isBestMatch": true
    },
    {
        "id": 4353721,
        "price": "0.00000050",
        "qty": "4414.00000000",
        "quoteQty": "0.00220700",
        "time": 1629971877857,
        "isBuyerMaker": true,
        "isBestMatch": true
    },
    {
        "id": 4353722,
        "price": "0.00000050",
        "qty": "8504.00000000",
        "quoteQty": "0.00425200",
        "time": 1629971877857,
        "isBuyerMaker": true,
        "isBestMatch": true
    },
    {
        "id": 4353723,
        "price": "0.00000050",
        "qty": "3979.00000000",
        "quoteQty": "0.00198950",
        "time": 1629971877863,
        "isBuyerMaker": true,
        "isBestMatch": true
    },
    {
        "id": 4353724,
        "price": "0.00000050",
        "qty": "1600.00000000",
        "quoteQty": "0.00080000",
        "time": 1629971877863,
        "isBuyerMaker": true,
        "isBestMatch": true
    },
    {
        "id": 4353725,
        "price": "0.00000050",
        "qty": "12807.00000000",
        "quoteQty": "0.00640350",
        "time": 1629971877863,
        "isBuyerMaker": true,
        "isBestMatch": true
    },
    {
        "id": 4353726,
        "price": "0.00000050",
        "qty": "18898.00000000",
        "quoteQty": "0.00944900",
        "time": 1629971877863,
        "isBuyerMaker": true,
        "isBestMatch": true
    },
    {
        "id": 4353727,
        "price": "0.00000050",
        "qty": "2772.00000000",
        "quoteQty": "0.00138600",
        "time": 1629971877863,
        "isBuyerMaker": true,
        "isBestMatch": true
    },
    {
        "id": 4353728,
        "price": "0.00000050",
        "qty": "19824.00000000",
        "quoteQty": "0.00991200",
        "time": 1629971877863,
        "isBuyerMaker": true,
        "isBestMatch": true
    },
    {
        "id": 4353729,
        "price": "0.00000050",
        "qty": "99224.00000000",
        "quoteQty": "0.04961200",
        "time": 1629971877957,
        "isBuyerMaker": true,
        "isBestMatch": true
    },
    {
        "id": 4353730,
        "price": "0.00000050",
        "qty": "3101.00000000",
        "quoteQty": "0.00155050",
        "time": 1629971877957,
        "isBuyerMaker": true,
        "isBestMatch": true
    },
    {
        "id": 4353731,
        "price": "0.00000050",
        "qty": "9512.00000000",
        "quoteQty": "0.00475600",
        "time": 1629971877966,
        "isBuyerMaker": true,
        "isBestMatch": true
    },
    {
        "id": 4353732,
        "price": "0.00000050",
        "qty": "7387.00000000",
        "quoteQty": "0.00369350",
        "time": 1629971877992,
        "isBuyerMaker": true,
        "isBestMatch": true
    },
    {
        "id": 4353733,
        "price": "0.00000050",
        "qty": "709.00000000",
        "quoteQty": "0.00035450",
        "time": 1629971877992,
        "isBuyerMaker": true,
        "isBestMatch": true
    },
    {
        "id": 4353734,
        "price": "0.00000050",
        "qty": "38639.00000000",
        "quoteQty": "0.01931950",
        "time": 1629971877992,
        "isBuyerMaker": true,
        "isBestMatch": true
    },
    {
        "id": 4353735,
        "price": "0.00000050",
        "qty": "4414.00000000",
        "quoteQty": "0.00220700",
        "time": 1629971877992,
        "isBuyerMaker": true,
        "isBestMatch": true
    },
    {
        "id": 4353736,
        "price": "0.00000050",
        "qty": "12481.00000000",
        "quoteQty": "0.00624050",
        "time": 1629971877992,
        "isBuyerMaker": true,
        "isBestMatch": true
    },
    {
        "id": 4353737,
        "price": "0.00000050",
        "qty": "2.00000000",
        "quoteQty": "0.00000100",
        "time": 1629971878004,
        "isBuyerMaker": true,
        "isBestMatch": true
    },
    {
        "id": 4353738,
        "price": "0.00000050",
        "qty": "38639.00000000",
        "quoteQty": "0.01931950",
        "time": 1629971878004,
        "isBuyerMaker": true,
        "isBestMatch": true
    },
    {
        "id": 4353739,
        "price": "0.00000050",
        "qty": "4414.00000000",
        "quoteQty": "0.00220700",
        "time": 1629971878004,
        "isBuyerMaker": true,
        "isBestMatch": true
    },
    {
        "id": 4353740,
        "price": "0.00000050",
        "qty": "12483.00000000",
        "quoteQty": "0.00624150",
        "time": 1629971878004,
        "isBuyerMaker": true,
        "isBestMatch": true
    },
    {
        "id": 4353741,
        "price": "0.00000050",
        "qty": "6185.00000000",
        "quoteQty": "0.00309250",
        "time": 1629971878004,
        "isBuyerMaker": true,
        "isBestMatch": true
    },
    {
        "id": 4353742,
        "price": "0.00000050",
        "qty": "32454.00000000",
        "quoteQty": "0.01622700",
        "time": 1629971878037,
        "isBuyerMaker": true,
        "isBestMatch": true
    },
    {
        "id": 4353743,
        "price": "0.00000050",
        "qty": "4414.00000000",
        "quoteQty": "0.00220700",
        "time": 1629971878037,
        "isBuyerMaker": true,
        "isBestMatch": true
    },
    {
        "id": 4353744,
        "price": "0.00000050",
        "qty": "12483.00000000",
        "quoteQty": "0.00624150",
        "time": 1629971878037,
        "isBuyerMaker": true,
        "isBestMatch": true
    },
    {
        "id": 4353745,
        "price": "0.00000050",
        "qty": "19960.00000000",
        "quoteQty": "0.00998000",
        "time": 1629971878062,
        "isBuyerMaker": true,
        "isBestMatch": true
    },
    {
        "id": 4353746,
        "price": "0.00000050",
        "qty": "18679.00000000",
        "quoteQty": "0.00933950",
        "time": 1629971878062,
        "isBuyerMaker": true,
        "isBestMatch": true
    },
    {
        "id": 4353747,
        "price": "0.00000050",
        "qty": "4414.00000000",
        "quoteQty": "0.00220700",
        "time": 1629971878062,
        "isBuyerMaker": true,
        "isBestMatch": true
    },
    {
        "id": 4353748,
        "price": "0.00000050",
        "qty": "12483.00000000",
        "quoteQty": "0.00624150",
        "time": 1629971878062,
        "isBuyerMaker": true,
        "isBestMatch": true
    },
    {
        "id": 4353749,
        "price": "0.00000050",
        "qty": "26645.00000000",
        "quoteQty": "0.01332250",
        "time": 1629971878062,
        "isBuyerMaker": true,
        "isBestMatch": true
    },
    {
        "id": 4353750,
        "price": "0.00000050",
        "qty": "1790.00000000",
        "quoteQty": "0.00089500",
        "time": 1629971878092,
        "isBuyerMaker": true,
        "isBestMatch": true
    },
    {
        "id": 4353751,
        "price": "0.00000050",
        "qty": "10204.00000000",
        "quoteQty": "0.00510200",
        "time": 1629971878130,
        "isBuyerMaker": true,
        "isBestMatch": true
    },
    {
        "id": 4353752,
        "price": "0.00000050",
        "qty": "4414.00000000",
        "quoteQty": "0.00220700",
        "time": 1629971878130,
        "isBuyerMaker": true,
        "isBestMatch": true
    },
    {
        "id": 4353753,
        "price": "0.00000050",
        "qty": "12483.00000000",
        "quoteQty": "0.00624150",
        "time": 1629971878130,
        "isBuyerMaker": true,
        "isBestMatch": true
    },
    {
        "id": 4353754,
        "price": "0.00000050",
        "qty": "38639.00000000",
        "quoteQty": "0.01931950",
        "time": 1629971878130,
        "isBuyerMaker": true,
        "isBestMatch": true
    },
    {
        "id": 4353755,
        "price": "0.00000050",
        "qty": "4414.00000000",
        "quoteQty": "0.00220700",
        "time": 1629971878130,
        "isBuyerMaker": true,
        "isBestMatch": true
    },
    {
        "id": 4353756,
        "price": "0.00000050",
        "qty": "12483.00000000",
        "quoteQty": "0.00624150",
        "time": 1629971878130,
        "isBuyerMaker": true,
        "isBestMatch": true
    },
    {
        "id": 4353757,
        "price": "0.00000050",
        "qty": "38639.00000000",
        "quoteQty": "0.01931950",
        "time": 1629971878130,
        "isBuyerMaker": true,
        "isBestMatch": true
    },
    {
        "id": 4353758,
        "price": "0.00000050",
        "qty": "4414.00000000",
        "quoteQty": "0.00220700",
        "time": 1629971878130,
        "isBuyerMaker": true,
        "isBestMatch": true
    },
    {
        "id": 4353759,
        "price": "0.00000050",
        "qty": "12483.00000000",
        "quoteQty": "0.00624150",
        "time": 1629971878130,
        "isBuyerMaker": true,
        "isBestMatch": true
    },
    {
        "id": 4353760,
        "price": "0.00000050",
        "qty": "38639.00000000",
        "quoteQty": "0.01931950",
        "time": 1629971878130,
        "isBuyerMaker": true,
        "isBestMatch": true
    },
    {
        "id": 4353761,
        "price": "0.00000050",
        "qty": "4414.00000000",
        "quoteQty": "0.00220700",
        "time": 1629971878130,
        "isBuyerMaker": true,
        "isBestMatch": true
    },
    {
        "id": 4353762,
        "price": "0.00000050",
        "qty": "12483.00000000",
        "quoteQty": "0.00624150",
        "time": 1629971878130,
        "isBuyerMaker": true,
        "isBestMatch": true
    },
    {
        "id": 4353763,
        "price": "0.00000050",
        "qty": "38639.00000000",
        "quoteQty": "0.01931950",
        "time": 1629971878130,
        "isBuyerMaker": true,
        "isBestMatch": true
    },
    {
        "id": 4353764,
        "price": "0.00000050",
        "qty": "4414.00000000",
        "quoteQty": "0.00220700",
        "time": 1629971878130,
        "isBuyerMaker": true,
        "isBestMatch": true
    },
    {
        "id": 4353765,
        "price": "0.00000050",
        "qty": "11138.00000000",
        "quoteQty": "0.00556900",
        "time": 1629971878130,
        "isBuyerMaker": true,
        "isBestMatch": true
    },
    {
        "id": 4353766,
        "price": "0.00000050",
        "qty": "1345.00000000",
        "quoteQty": "0.00067250",
        "time": 1629971878130,
        "isBuyerMaker": true,
        "isBestMatch": true
    },
    {
        "id": 4353767,
        "price": "0.00000050",
        "qty": "1326.00000000",
        "quoteQty": "0.00066300",
        "time": 1629971881595,
        "isBuyerMaker": false,
        "isBestMatch": true
    },
    {
        "id": 4353768,
        "price": "0.00000049",
        "qty": "10110.00000000",
        "quoteQty": "0.00495390",
        "time": 1629971911723,
        "isBuyerMaker": true,
        "isBestMatch": true
    },
    {
        "id": 4353769,
        "price": "0.00000049",
        "qty": "69193.00000000",
        "quoteQty": "0.03390457",
        "time": 1629971927167,
        "isBuyerMaker": true,
        "isBestMatch": true
    },
    {
        "id": 4353770,
        "price": "0.00000050",
        "qty": "921213.00000000",
        "quoteQty": "0.46060650",
        "time": 1629971927856,
        "isBuyerMaker": false,
        "isBestMatch": true
    },
    {
        "id": 4353771,
        "price": "0.00000050",
        "qty": "652922.00000000",
        "quoteQty": "0.32646100",
        "time": 1629971927856,
        "isBuyerMaker": false,
        "isBestMatch": true
    },
    {
        "id": 4353772,
        "price": "0.00000050",
        "qty": "19960.00000000",
        "quoteQty": "0.00998000",
        "time": 1629971927856,
        "isBuyerMaker": false,
        "isBestMatch": true
    },
    {
        "id": 4353773,
        "price": "0.00000050",
        "qty": "19960.00000000",
        "quoteQty": "0.00998000",
        "time": 1629971927856,
        "isBuyerMaker": false,
        "isBestMatch": true
    },
    {
        "id": 4353774,
        "price": "0.00000050",
        "qty": "19960.00000000",
        "quoteQty": "0.00998000",
        "time": 1629971927856,
        "isBuyerMaker": false,
        "isBestMatch": true
    },
    {
        "id": 4353775,
        "price": "0.00000050",
        "qty": "19960.00000000",
        "quoteQty": "0.00998000",
        "time": 1629971927856,
        "isBuyerMaker": false,
        "isBestMatch": true
    },
    {
        "id": 4353776,
        "price": "0.00000050",
        "qty": "24500.00000000",
        "quoteQty": "0.01225000",
        "time": 1629971927856,
        "isBuyerMaker": false,
        "isBestMatch": true
    },
    {
        "id": 4353777,
        "price": "0.00000050",
        "qty": "1184.00000000",
        "quoteQty": "0.00059200",
        "time": 1629971927856,
        "isBuyerMaker": false,
        "isBestMatch": true
    },
    {
        "id": 4353778,
        "price": "0.00000051",
        "qty": "500.00000000",
        "quoteQty": "0.00025500",
        "time": 1629971949767,
        "isBuyerMaker": false,
        "isBestMatch": true
    },
    {
        "id": 4353779,
        "price": "0.00000051",
        "qty": "231.00000000",
        "quoteQty": "0.00011781",
        "time": 1629971983683,
        "isBuyerMaker": false,
        "isBestMatch": true
    },
    {
        "id": 4353780,
        "price": "0.00000051",
        "qty": "230.00000000",
        "quoteQty": "0.00011730",
        "time": 1629971987274,
        "isBuyerMaker": false,
        "isBestMatch": true
    },
    {
        "id": 4353781,
        "price": "0.00000051",
        "qty": "230.00000000",
        "quoteQty": "0.00011730",
        "time": 1629971991380,
        "isBuyerMaker": false,
        "isBestMatch": true
    },
    {
        "id": 4353782,
        "price": "0.00000051",
        "qty": "231.00000000",
        "quoteQty": "0.00011781",
        "time": 1629971995530,
        "isBuyerMaker": false,
        "isBestMatch": true
    },
    {
        "id": 4353783,
        "price": "0.00000051",
        "qty": "230.00000000",
        "quoteQty": "0.00011730",
        "time": 1629972000297,
        "isBuyerMaker": false,
        "isBestMatch": true
    },
    {
        "id": 4353784,
        "price": "0.00000051",
        "qty": "231.00000000",
        "quoteQty": "0.00011781",
        "time": 1629972001257,
        "isBuyerMaker": false,
        "isBestMatch": true
    },
    {
        "id": 4353785,
        "price": "0.00000050",
        "qty": "12050.00000000",
        "quoteQty": "0.00602500",
        "time": 1629972015631,
        "isBuyerMaker": true,
        "isBestMatch": true
    },
    {
        "id": 4353786,
        "price": "0.00000050",
        "qty": "30908.00000000",
        "quoteQty": "0.01545400",
        "time": 1629972015631,
        "isBuyerMaker": true,
        "isBestMatch": true
    },
    {
        "id": 4353787,
        "price": "0.00000051",
        "qty": "63.00000000",
        "quoteQty": "0.00003213",
        "time": 1629972068073,
        "isBuyerMaker": false,
        "isBestMatch": true
    },
    {
        "id": 4353788,
        "price": "0.00000051",
        "qty": "32252.00000000",
        "quoteQty": "0.01644852",
        "time": 1629972113588,
        "isBuyerMaker": false,
        "isBestMatch": true
    },
    {
        "id": 4353789,
        "price": "0.00000050",
        "qty": "32219.00000000",
        "quoteQty": "0.01610950",
        "time": 1629972124714,
        "isBuyerMaker": true,
        "isBestMatch": true
    },
    {
        "id": 4353790,
        "price": "0.00000051",
        "qty": "31556.00000000",
        "quoteQty": "0.01609356",
        "time": 1629972157626,
        "isBuyerMaker": false,
        "isBestMatch": true
    },
    {
        "id": 4353791,
        "price": "0.00000050",
        "qty": "98841.00000000",
        "quoteQty": "0.04942050",
        "time": 1629972220408,
        "isBuyerMaker": true,
        "isBestMatch": true
    },
    {
        "id": 4353792,
        "price": "0.00000050",
        "qty": "394.00000000",
        "quoteQty": "0.00019700",
        "time": 1629972284311,
        "isBuyerMaker": true,
        "isBestMatch": true
    },
    {
        "id": 4353793,
        "price": "0.00000050",
        "qty": "661.00000000",
        "quoteQty": "0.00033050",
        "time": 1629972297613,
        "isBuyerMaker": true,
        "isBestMatch": true
    },
    {
        "id": 4353794,
        "price": "0.00000051",
        "qty": "207.00000000",
        "quoteQty": "0.00010557",
        "time": 1629972350535,
        "isBuyerMaker": false,
        "isBestMatch": true
    },
    {
        "id": 4353795,
        "price": "0.00000050",
        "qty": "2095.00000000",
        "quoteQty": "0.00104750",
        "time": 1629972406595,
        "isBuyerMaker": true,
        "isBestMatch": true
    },
    {
        "id": 4353796,
        "price": "0.00000050",
        "qty": "1804.00000000",
        "quoteQty": "0.00090200",
        "time": 1629972540526,
        "isBuyerMaker": true,
        "isBestMatch": true
    },
    {
        "id": 4353797,
        "price": "0.00000050",
        "qty": "19489.00000000",
        "quoteQty": "0.00974450",
        "time": 1629972648007,
        "isBuyerMaker": true,
        "isBestMatch": true
    },
    {
        "id": 4353798,
        "price": "0.00000050",
        "qty": "83348.00000000",
        "quoteQty": "0.04167400",
        "time": 1629972648007,
        "isBuyerMaker": true,
        "isBestMatch": true
    },
    {
        "id": 4353799,
        "price": "0.00000050",
        "qty": "800.00000000",
        "quoteQty": "0.00040000",
        "time": 1629972723391,
        "isBuyerMaker": true,
        "isBestMatch": true
    },
    {
        "id": 4353800,
        "price": "0.00000051",
        "qty": "406.00000000",
        "quoteQty": "0.00020706",
        "time": 1629972728416,
        "isBuyerMaker": false,
        "isBestMatch": true
    },
    {
        "id": 4353801,
        "price": "0.00000051",
        "qty": "15654.00000000",
        "quoteQty": "0.00798354",
        "time": 1629972754078,
        "isBuyerMaker": false,
        "isBestMatch": true
    },
    {
        "id": 4353802,
        "price": "0.00000051",
        "qty": "1768.00000000",
        "quoteQty": "0.00090168",
        "time": 1629972777147,
        "isBuyerMaker": false,
        "isBestMatch": true
    },
    {
        "id": 4353803,
        "price": "0.00000051",
        "qty": "1686.00000000",
        "quoteQty": "0.00085986",
        "time": 1629972779329,
        "isBuyerMaker": false,
        "isBestMatch": true
    },
    {
        "id": 4353804,
        "price": "0.00000051",
        "qty": "3798.00000000",
        "quoteQty": "0.00193698",
        "time": 1629972842720,
        "isBuyerMaker": false,
        "isBestMatch": true
    },
    {
        "id": 4353805,
        "price": "0.00000050",
        "qty": "5030.00000000",
        "quoteQty": "0.00251500",
        "time": 1629972848573,
        "isBuyerMaker": true,
        "isBestMatch": true
    },
    {
        "id": 4353806,
        "price": "0.00000051",
        "qty": "866.00000000",
        "quoteQty": "0.00044166",
        "time": 1629973026343,
        "isBuyerMaker": false,
        "isBestMatch": true
    },
    {
        "id": 4353807,
        "price": "0.00000051",
        "qty": "441.00000000",
        "quoteQty": "0.00022491",
        "time": 1629973026923,
        "isBuyerMaker": false,
        "isBestMatch": true
    },
    {
        "id": 4353808,
        "price": "0.00000051",
        "qty": "2003.00000000",
        "quoteQty": "0.00102153",
        "time": 1629973031747,
        "isBuyerMaker": false,
        "isBestMatch": true
    },
    {
        "id": 4353809,
        "price": "0.00000051",
        "qty": "389.00000000",
        "quoteQty": "0.00019839",
        "time": 1629973034113,
        "isBuyerMaker": false,
        "isBestMatch": true
    },
    {
        "id": 4353810,
        "price": "0.00000051",
        "qty": "577.00000000",
        "quoteQty": "0.00029427",
        "time": 1629973200751,
        "isBuyerMaker": false,
        "isBestMatch": true
    },
    {
        "id": 4353811,
        "price": "0.00000051",
        "qty": "752.00000000",
        "quoteQty": "0.00038352",
        "time": 1629973201243,
        "isBuyerMaker": false,
        "isBestMatch": true
    },
    {
        "id": 4353812,
        "price": "0.00000051",
        "qty": "392433.00000000",
        "quoteQty": "0.20014083",
        "time": 1629973205937,
        "isBuyerMaker": false,
        "isBestMatch": true
    },
    {
        "id": 4353813,
        "price": "0.00000051",
        "qty": "425801.00000000",
        "quoteQty": "0.21715851",
        "time": 1629973221552,
        "isBuyerMaker": false,
        "isBestMatch": true
    },
    {
        "id": 4353814,
        "price": "0.00000050",
        "qty": "63374.00000000",
        "quoteQty": "0.03168700",
        "time": 1629973292976,
        "isBuyerMaker": true,
        "isBestMatch": true
    },
    {
        "id": 4353815,
        "price": "0.00000050",
        "qty": "4871.00000000",
        "quoteQty": "0.00243550",
        "time": 1629973293752,
        "isBuyerMaker": true,
        "isBestMatch": true
    },
    {
        "id": 4353816,
        "price": "0.00000050",
        "qty": "66452.00000000",
        "quoteQty": "0.03322600",
        "time": 1629973295757,
        "isBuyerMaker": true,
        "isBestMatch": true
    },
    {
        "id": 4353817,
        "price": "0.00000050",
        "qty": "4281.00000000",
        "quoteQty": "0.00214050",
        "time": 1629973295757,
        "isBuyerMaker": true,
        "isBestMatch": true
    },
    {
        "id": 4353818,
        "price": "0.00000050",
        "qty": "719.00000000",
        "quoteQty": "0.00035950",
        "time": 1629973301386,
        "isBuyerMaker": true,
        "isBestMatch": true
    },
    {
        "id": 4353819,
        "price": "0.00000050",
        "qty": "2000.00000000",
        "quoteQty": "0.00100000",
        "time": 1629973301386,
        "isBuyerMaker": true,
        "isBestMatch": true
    },
    {
        "id": 4353820,
        "price": "0.00000050",
        "qty": "3214.00000000",
        "quoteQty": "0.00160700",
        "time": 1629973301386,
        "isBuyerMaker": true,
        "isBestMatch": true
    },
    {
        "id": 4353821,
        "price": "0.00000050",
        "qty": "10959.00000000",
        "quoteQty": "0.00547950",
        "time": 1629973305582,
        "isBuyerMaker": true,
        "isBestMatch": true
    },
    {
        "id": 4353822,
        "price": "0.00000050",
        "qty": "2009.00000000",
        "quoteQty": "0.00100450",
        "time": 1629973305582,
        "isBuyerMaker": true,
        "isBestMatch": true
    },
    {
        "id": 4353823,
        "price": "0.00000050",
        "qty": "29760.00000000",
        "quoteQty": "0.01488000",
        "time": 1629973306249,
        "isBuyerMaker": true,
        "isBestMatch": true
    },
    {
        "id": 4353824,
        "price": "0.00000050",
        "qty": "2997.00000000",
        "quoteQty": "0.00149850",
        "time": 1629973308459,
        "isBuyerMaker": true,
        "isBestMatch": true
    },
    {
        "id": 4353825,
        "price": "0.00000050",
        "qty": "245.00000000",
        "quoteQty": "0.00012250",
        "time": 1629973332192,
        "isBuyerMaker": true,
        "isBestMatch": true
    },
    {
        "id": 4353826,
        "price": "0.00000050",
        "qty": "15451.00000000",
        "quoteQty": "0.00772550",
        "time": 1629973469851,
        "isBuyerMaker": true,
        "isBestMatch": true
    },
    {
        "id": 4353827,
        "price": "0.00000050",
        "qty": "333.00000000",
        "quoteQty": "0.00016650",
        "time": 1629973499116,
        "isBuyerMaker": true,
        "isBestMatch": true
    },
    {
        "id": 4353828,
        "price": "0.00000051",
        "qty": "4549.00000000",
        "quoteQty": "0.00231999",
        "time": 1629973530386,
        "isBuyerMaker": false,
        "isBestMatch": true
    },
    {
        "id": 4353829,
        "price": "0.00000051",
        "qty": "300.00000000",
        "quoteQty": "0.00015300",
        "time": 1629973534943,
        "isBuyerMaker": false,
        "isBestMatch": true
    },
    {
        "id": 4353830,
        "price": "0.00000050",
        "qty": "2523.00000000",
        "quoteQty": "0.00126150",
        "time": 1629973647817,
        "isBuyerMaker": true,
        "isBestMatch": true
    },
    {
        "id": 4353831,
        "price": "0.00000050",
        "qty": "1321.00000000",
        "quoteQty": "0.00066050",
        "time": 1629973674928,
        "isBuyerMaker": true,
        "isBestMatch": true
    },
    {
        "id": 4353832,
        "price": "0.00000051",
        "qty": "6773.00000000",
        "quoteQty": "0.00345423",
        "time": 1629973698417,
        "isBuyerMaker": false,
        "isBestMatch": true
    },
    {
        "id": 4353833,
        "price": "0.00000050",
        "qty": "1748.00000000",
        "quoteQty": "0.00087400",
        "time": 1629973745421,
        "isBuyerMaker": true,
        "isBestMatch": true
    },
    {
        "id": 4353834,
        "price": "0.00000050",
        "qty": "20000.00000000",
        "quoteQty": "0.01000000",
        "time": 1629973801576,
        "isBuyerMaker": true,
        "isBestMatch": true
    },
    {
        "id": 4353835,
        "price": "0.00000050",
        "qty": "1056.00000000",
        "quoteQty": "0.00052800",
        "time": 1629973855126,
        "isBuyerMaker": true,
        "isBestMatch": true
    },
    {
        "id": 4353836,
        "price": "0.00000051",
        "qty": "199.00000000",
        "quoteQty": "0.00010149",
        "time": 1629973885599,
        "isBuyerMaker": false,
        "isBestMatch": true
    },
    {
        "id": 4353837,
        "price": "0.00000051",
        "qty": "193.00000000",
        "quoteQty": "0.00009843",
        "time": 1629973971954,
        "isBuyerMaker": false,
        "isBestMatch": true
    },
    {
        "id": 4353838,
        "price": "0.00000051",
        "qty": "266.00000000",
        "quoteQty": "0.00013566",
        "time": 1629973972446,
        "isBuyerMaker": false,
        "isBestMatch": true
    },
    {
        "id": 4353839,
        "price": "0.00000051",
        "qty": "215.00000000",
        "quoteQty": "0.00010965",
        "time": 1629974079746,
        "isBuyerMaker": false,
        "isBestMatch": true
    },
    {
        "id": 4353840,
        "price": "0.00000051",
        "qty": "43302.00000000",
        "quoteQty": "0.02208402",
        "time": 1629974103626,
        "isBuyerMaker": false,
        "isBestMatch": true
    },
    {
        "id": 4353841,
        "price": "0.00000051",
        "qty": "238.00000000",
        "quoteQty": "0.00012138",
        "time": 1629974105474,
        "isBuyerMaker": false,
        "isBestMatch": true
    },
    {
        "id": 4353842,
        "price": "0.00000051",
        "qty": "232.00000000",
        "quoteQty": "0.00011832",
        "time": 1629974133745,
        "isBuyerMaker": false,
        "isBestMatch": true
    },
    {
        "id": 4353843,
        "price": "0.00000050",
        "qty": "504441.00000000",
        "quoteQty": "0.25222050",
        "time": 1629974185399,
        "isBuyerMaker": true,
        "isBestMatch": true
    },
    {
        "id": 4353844,
        "price": "0.00000051",
        "qty": "3215.00000000",
        "quoteQty": "0.00163965",
        "time": 1629974211405,
        "isBuyerMaker": false,
        "isBestMatch": true
    },
    {
        "id": 4353845,
        "price": "0.00000051",
        "qty": "294.00000000",
        "quoteQty": "0.00014994",
        "time": 1629974267270,
        "isBuyerMaker": false,
        "isBestMatch": true
    },
    {
        "id": 4353846,
        "price": "0.00000051",
        "qty": "54798.00000000",
        "quoteQty": "0.02794698",
        "time": 1629974279814,
        "isBuyerMaker": false,
        "isBestMatch": true
    },
    {
        "id": 4353847,
        "price": "0.00000051",
        "qty": "53624.00000000",
        "quoteQty": "0.02734824",
        "time": 1629974279814,
        "isBuyerMaker": false,
        "isBestMatch": true
    },
    {
        "id": 4353848,
        "price": "0.00000051",
        "qty": "34725.00000000",
        "quoteQty": "0.01770975",
        "time": 1629974298551,
        "isBuyerMaker": false,
        "isBestMatch": true
    },
    {
        "id": 4353849,
        "price": "0.00000050",
        "qty": "10170.00000000",
        "quoteQty": "0.00508500",
        "time": 1629974304581,
        "isBuyerMaker": true,
        "isBestMatch": true
    },
    {
        "id": 4353850,
        "price": "0.00000050",
        "qty": "5303.00000000",
        "quoteQty": "0.00265150",
        "time": 1629974498199,
        "isBuyerMaker": true,
        "isBestMatch": true
    },
    {
        "id": 4353851,
        "price": "0.00000050",
        "qty": "4313.00000000",
        "quoteQty": "0.00215650",
        "time": 1629974548395,
        "isBuyerMaker": true,
        "isBestMatch": true
    },
    {
        "id": 4353852,
        "price": "0.00000050",
        "qty": "41180.00000000",
        "quoteQty": "0.02059000",
        "time": 1629974571566,
        "isBuyerMaker": true,
        "isBestMatch": true
    },
    {
        "id": 4353853,
        "price": "0.00000051",
        "qty": "1714.00000000",
        "quoteQty": "0.00087414",
        "time": 1629974583316,
        "isBuyerMaker": false,
        "isBestMatch": true
    },
    {
        "id": 4353854,
        "price": "0.00000051",
        "qty": "7147.00000000",
        "quoteQty": "0.00364497",
        "time": 1629974988779,
        "isBuyerMaker": false,
        "isBestMatch": true
    },
    {
        "id": 4353855,
        "price": "0.00000051",
        "qty": "32068.00000000",
        "quoteQty": "0.01635468",
        "time": 1629974988779,
        "isBuyerMaker": false,
        "isBestMatch": true
    },
    {
        "id": 4353856,
        "price": "0.00000051",
        "qty": "8823.00000000",
        "quoteQty": "0.00449973",
        "time": 1629975001960,
        "isBuyerMaker": false,
        "isBestMatch": true
    },
    {
        "id": 4353857,
        "price": "0.00000051",
        "qty": "13100.00000000",
        "quoteQty": "0.00668100",
        "time": 1629975161955,
        "isBuyerMaker": false,
        "isBestMatch": true
    },
    {
        "id": 4353858,
        "price": "0.00000050",
        "qty": "1709.00000000",
        "quoteQty": "0.00085450",
        "time": 1629975245370,
        "isBuyerMaker": true,
        "isBestMatch": true
    },
    {
        "id": 4353859,
        "price": "0.00000050",
        "qty": "1265.00000000",
        "quoteQty": "0.00063250",
        "time": 1629975260305,
        "isBuyerMaker": true,
        "isBestMatch": true
    },
    {
        "id": 4353860,
        "price": "0.00000051",
        "qty": "8757.00000000",
        "quoteQty": "0.00446607",
        "time": 1629975380502,
        "isBuyerMaker": false,
        "isBestMatch": true
    },
    {
        "id": 4353861,
        "price": "0.00000050",
        "qty": "1933.00000000",
        "quoteQty": "0.00096650",
        "time": 1629975394313,
        "isBuyerMaker": true,
        "isBestMatch": true
    },
    {
        "id": 4353862,
        "price": "0.00000051",
        "qty": "218.00000000",
        "quoteQty": "0.00011118",
        "time": 1629975425969,
        "isBuyerMaker": false,
        "isBestMatch": true
    },
    {
        "id": 4353863,
        "price": "0.00000050",
        "qty": "28502.00000000",
        "quoteQty": "0.01425100",
        "time": 1629975475623,
        "isBuyerMaker": true,
        "isBestMatch": true
    },
    {
        "id": 4353864,
        "price": "0.00000051",
        "qty": "27916.00000000",
        "quoteQty": "0.01423716",
        "time": 1629975530048,
        "isBuyerMaker": false,
        "isBestMatch": true
    },
    {
        "id": 4353865,
        "price": "0.00000051",
        "qty": "686.00000000",
        "quoteQty": "0.00034986",
        "time": 1629975563603,
        "isBuyerMaker": false,
        "isBestMatch": true
    },
    {
        "id": 4353866,
        "price": "0.00000050",
        "qty": "2000.00000000",
        "quoteQty": "0.00100000",
        "time": 1629975578633,
        "isBuyerMaker": true,
        "isBestMatch": true
    },
    {
        "id": 4353867,
        "price": "0.00000050",
        "qty": "71860.00000000",
        "quoteQty": "0.03593000",
        "time": 1629975581082,
        "isBuyerMaker": true,
        "isBestMatch": true
    },
    {
        "id": 4353868,
        "price": "0.00000050",
        "qty": "10200.00000000",
        "quoteQty": "0.00510000",
        "time": 1629975581352,
        "isBuyerMaker": true,
        "isBestMatch": true
    },
    {
        "id": 4353869,
        "price": "0.00000050",
        "qty": "6250.00000000",
        "quoteQty": "0.00312500",
        "time": 1629975581659,
        "isBuyerMaker": true,
        "isBestMatch": true
    },
    {
        "id": 4353870,
        "price": "0.00000050",
        "qty": "1000.00000000",
        "quoteQty": "0.00050000",
        "time": 1629975598306,
        "isBuyerMaker": true,
        "isBestMatch": true
    },
    {
        "id": 4353871,
        "price": "0.00000050",
        "qty": "260.00000000",
        "quoteQty": "0.00013000",
        "time": 1629975622851,
        "isBuyerMaker": true,
        "isBestMatch": true
    },
    {
        "id": 4353872,
        "price": "0.00000050",
        "qty": "1343.00000000",
        "quoteQty": "0.00067150",
        "time": 1629975629442,
        "isBuyerMaker": true,
        "isBestMatch": true
    },
    {
        "id": 4353873,
        "price": "0.00000050",
        "qty": "270264.00000000",
        "quoteQty": "0.13513200",
        "time": 1629975630740,
        "isBuyerMaker": true,
        "isBestMatch": true
    },
    {
        "id": 4353874,
        "price": "0.00000050",
        "qty": "71627.00000000",
        "quoteQty": "0.03581350",
        "time": 1629975630748,
        "isBuyerMaker": true,
        "isBestMatch": true
    },
    {
        "id": 4353875,
        "price": "0.00000050",
        "qty": "10000.00000000",
        "quoteQty": "0.00500000",
        "time": 1629975630748,
        "isBuyerMaker": true,
        "isBestMatch": true
    },
    {
        "id": 4353876,
        "price": "0.00000050",
        "qty": "11670.00000000",
        "quoteQty": "0.00583500",
        "time": 1629975630748,
        "isBuyerMaker": true,
        "isBestMatch": true
    },
    {
        "id": 4353877,
        "price": "0.00000050",
        "qty": "200.00000000",
        "quoteQty": "0.00010000",
        "time": 1629975630748,
        "isBuyerMaker": true,
        "isBestMatch": true
    },
    {
        "id": 4353878,
        "price": "0.00000050",
        "qty": "16800.00000000",
        "quoteQty": "0.00840000",
        "time": 1629975630748,
        "isBuyerMaker": true,
        "isBestMatch": true
    },
    {
        "id": 4353879,
        "price": "0.00000050",
        "qty": "20000.00000000",
        "quoteQty": "0.01000000",
        "time": 1629975630748,
        "isBuyerMaker": true,
        "isBestMatch": true
    },
    {
        "id": 4353880,
        "price": "0.00000050",
        "qty": "36051.00000000",
        "quoteQty": "0.01802550",
        "time": 1629975630748,
        "isBuyerMaker": true,
        "isBestMatch": true
    },
    {
        "id": 4353881,
        "price": "0.00000050",
        "qty": "172870.00000000",
        "quoteQty": "0.08643500",
        "time": 1629975630748,
        "isBuyerMaker": true,
        "isBestMatch": true
    },
    {
        "id": 4353882,
        "price": "0.00000050",
        "qty": "2382.00000000",
        "quoteQty": "0.00119100",
        "time": 1629975630748,
        "isBuyerMaker": true,
        "isBestMatch": true
    },
    {
        "id": 4353883,
        "price": "0.00000050",
        "qty": "10020.00000000",
        "quoteQty": "0.00501000",
        "time": 1629975630748,
        "isBuyerMaker": true,
        "isBestMatch": true
    },
    {
        "id": 4353884,
        "price": "0.00000050",
        "qty": "500.00000000",
        "quoteQty": "0.00025000",
        "time": 1629975630748,
        "isBuyerMaker": true,
        "isBestMatch": true
    },
    {
        "id": 4353885,
        "price": "0.00000050",
        "qty": "200000.00000000",
        "quoteQty": "0.10000000",
        "time": 1629975630748,
        "isBuyerMaker": true,
        "isBestMatch": true
    },
    {
        "id": 4353886,
        "price": "0.00000050",
        "qty": "5675.00000000",
        "quoteQty": "0.00283750",
        "time": 1629975630748,
        "isBuyerMaker": true,
        "isBestMatch": true
    },
    {
        "id": 4353887,
        "price": "0.00000050",
        "qty": "400.00000000",
        "quoteQty": "0.00020000",
        "time": 1629975630748,
        "isBuyerMaker": true,
        "isBestMatch": true
    },
    {
        "id": 4353888,
        "price": "0.00000050",
        "qty": "751.00000000",
        "quoteQty": "0.00037550",
        "time": 1629975630748,
        "isBuyerMaker": true,
        "isBestMatch": true
    },
    {
        "id": 4353889,
        "price": "0.00000050",
        "qty": "1000.00000000",
        "quoteQty": "0.00050000",
        "time": 1629975630748,
        "isBuyerMaker": true,
        "isBestMatch": true
    },
    {
        "id": 4353890,
        "price": "0.00000050",
        "qty": "5895.00000000",
        "quoteQty": "0.00294750",
        "time": 1629975630748,
        "isBuyerMaker": true,
        "isBestMatch": true
    },
    {
        "id": 4353891,
        "price": "0.00000050",
        "qty": "2000.00000000",
        "quoteQty": "0.00100000",
        "time": 1629975630748,
        "isBuyerMaker": true,
        "isBestMatch": true
    },
    {
        "id": 4353892,
        "price": "0.00000050",
        "qty": "2000.00000000",
        "quoteQty": "0.00100000",
        "time": 1629975630748,
        "isBuyerMaker": true,
        "isBestMatch": true
    },
    {
        "id": 4353893,
        "price": "0.00000050",
        "qty": "2838.00000000",
        "quoteQty": "0.00141900",
        "time": 1629975630748,
        "isBuyerMaker": true,
        "isBestMatch": true
    },
    {
        "id": 4353894,
        "price": "0.00000050",
        "qty": "13816.00000000",
        "quoteQty": "0.00690800",
        "time": 1629975630748,
        "isBuyerMaker": true,
        "isBestMatch": true
    },
    {
        "id": 4353895,
        "price": "0.00000050",
        "qty": "17074.00000000",
        "quoteQty": "0.00853700",
        "time": 1629975630748,
        "isBuyerMaker": true,
        "isBestMatch": true
    },
    {
        "id": 4353896,
        "price": "0.00000050",
        "qty": "265.00000000",
        "quoteQty": "0.00013250",
        "time": 1629975630748,
        "isBuyerMaker": true,
        "isBestMatch": true
    },
    {
        "id": 4353897,
        "price": "0.00000050",
        "qty": "30000.00000000",
        "quoteQty": "0.01500000",
        "time": 1629975630748,
        "isBuyerMaker": true,
        "isBestMatch": true
    },
    {
        "id": 4353898,
        "price": "0.00000050",
        "qty": "230000.00000000",
        "quoteQty": "0.11500000",
        "time": 1629975630748,
        "isBuyerMaker": true,
        "isBestMatch": true
    },
    {
        "id": 4353899,
        "price": "0.00000050",
        "qty": "48799.00000000",
        "quoteQty": "0.02439950",
        "time": 1629975630748,
        "isBuyerMaker": true,
        "isBestMatch": true
    },
    {
        "id": 4353900,
        "price": "0.00000050",
        "qty": "101201.00000000",
        "quoteQty": "0.05060050",
        "time": 1629975630749,
        "isBuyerMaker": true,
        "isBestMatch": true
    },
    {
        "id": 4353901,
        "price": "0.00000050",
        "qty": "336336.00000000",
        "quoteQty": "0.16816800",
        "time": 1629975630749,
        "isBuyerMaker": true,
        "isBestMatch": true
    },
    {
        "id": 4353902,
        "price": "0.00000050",
        "qty": "2529.00000000",
        "quoteQty": "0.00126450",
        "time": 1629975630749,
        "isBuyerMaker": true,
        "isBestMatch": true
    },
    {
        "id": 4353903,
        "price": "0.00000050",
        "qty": "220.00000000",
        "quoteQty": "0.00011000",
        "time": 1629975630749,
        "isBuyerMaker": true,
        "isBestMatch": true
    },
    {
        "id": 4353904,
        "price": "0.00000050",
        "qty": "1521.00000000",
        "quoteQty": "0.00076050",
        "time": 1629975630749,
        "isBuyerMaker": true,
        "isBestMatch": true
    },
    {
        "id": 4353905,
        "price": "0.00000050",
        "qty": "59110.00000000",
        "quoteQty": "0.02955500",
        "time": 1629975630749,
        "isBuyerMaker": true,
        "isBestMatch": true
    },
    {
        "id": 4353906,
        "price": "0.00000050",
        "qty": "11320.00000000",
        "quoteQty": "0.00566000",
        "time": 1629975630749,
        "isBuyerMaker": true,
        "isBestMatch": true
    },
    {
        "id": 4353907,
        "price": "0.00000050",
        "qty": "13825.00000000",
        "quoteQty": "0.00691250",
        "time": 1629975630749,
        "isBuyerMaker": true,
        "isBestMatch": true
    },
    {
        "id": 4353908,
        "price": "0.00000050",
        "qty": "16833.00000000",
        "quoteQty": "0.00841650",
        "time": 1629975630749,
        "isBuyerMaker": true,
        "isBestMatch": true
    },
    {
        "id": 4353909,
        "price": "0.00000050",
        "qty": "11670.00000000",
        "quoteQty": "0.00583500",
        "time": 1629975630749,
        "isBuyerMaker": true,
        "isBestMatch": true
    },
    {
        "id": 4353910,
        "price": "0.00000050",
        "qty": "36051.00000000",
        "quoteQty": "0.01802550",
        "time": 1629975630749,
        "isBuyerMaker": true,
        "isBestMatch": true
    },
    {
        "id": 4353911,
        "price": "0.00000050",
        "qty": "11670.00000000",
        "quoteQty": "0.00583500",
        "time": 1629975630749,
        "isBuyerMaker": true,
        "isBestMatch": true
    },
    {
        "id": 4353912,
        "price": "0.00000050",
        "qty": "36051.00000000",
        "quoteQty": "0.01802550",
        "time": 1629975630749,
        "isBuyerMaker": true,
        "isBestMatch": true
    },
    {
        "id": 4353913,
        "price": "0.00000050",
        "qty": "11670.00000000",
        "quoteQty": "0.00583500",
        "time": 1629975630749,
        "isBuyerMaker": true,
        "isBestMatch": true
    },
    {
        "id": 4353914,
        "price": "0.00000050",
        "qty": "36051.00000000",
        "quoteQty": "0.01802550",
        "time": 1629975630749,
        "isBuyerMaker": true,
        "isBestMatch": true
    },
    {
        "id": 4353915,
        "price": "0.00000050",
        "qty": "11670.00000000",
        "quoteQty": "0.00583500",
        "time": 1629975630749,
        "isBuyerMaker": true,
        "isBestMatch": true
    },
    {
        "id": 4353916,
        "price": "0.00000050",
        "qty": "36051.00000000",
        "quoteQty": "0.01802550",
        "time": 1629975630749,
        "isBuyerMaker": true,
        "isBestMatch": true
    },
    {
        "id": 4353917,
        "price": "0.00000050",
        "qty": "11670.00000000",
        "quoteQty": "0.00583500",
        "time": 1629975630749,
        "isBuyerMaker": true,
        "isBestMatch": true
    },
    {
        "id": 4353918,
        "price": "0.00000050",
        "qty": "36051.00000000",
        "quoteQty": "0.01802550",
        "time": 1629975630749,
        "isBuyerMaker": true,
        "isBestMatch": true
    },
    {
        "id": 4353919,
        "price": "0.00000050",
        "qty": "11670.00000000",
        "quoteQty": "0.00583500",
        "time": 1629975630749,
        "isBuyerMaker": true,
        "isBestMatch": true
    },
    {
        "id": 4353920,
        "price": "0.00000050",
        "qty": "36051.00000000",
        "quoteQty": "0.01802550",
        "time": 1629975630749,
        "isBuyerMaker": true,
        "isBestMatch": true
    },
    {
        "id": 4353921,
        "price": "0.00000050",
        "qty": "11670.00000000",
        "quoteQty": "0.00583500",
        "time": 1629975630749,
        "isBuyerMaker": true,
        "isBestMatch": true
    },
    {
        "id": 4353922,
        "price": "0.00000050",
        "qty": "36051.00000000",
        "quoteQty": "0.01802550",
        "time": 1629975630749,
        "isBuyerMaker": true,
        "isBestMatch": true
    },
    {
        "id": 4353923,
        "price": "0.00000050",
        "qty": "11670.00000000",
        "quoteQty": "0.00583500",
        "time": 1629975630749,
        "isBuyerMaker": true,
        "isBestMatch": true
    },
    {
        "id": 4353924,
        "price": "0.00000050",
        "qty": "20474.00000000",
        "quoteQty": "0.01023700",
        "time": 1629975630749,
        "isBuyerMaker": true,
        "isBestMatch": true
    },
    {
        "id": 4353925,
        "price": "0.00000050",
        "qty": "15577.00000000",
        "quoteQty": "0.00778850",
        "time": 1629975630749,
        "isBuyerMaker": true,
        "isBestMatch": true
    },
    {
        "id": 4353926,
        "price": "0.00000050",
        "qty": "11670.00000000",
        "quoteQty": "0.00583500",
        "time": 1629975630749,
        "isBuyerMaker": true,
        "isBestMatch": true
    },
    {
        "id": 4353927,
        "price": "0.00000050",
        "qty": "36051.00000000",
        "quoteQty": "0.01802550",
        "time": 1629975630749,
        "isBuyerMaker": true,
        "isBestMatch": true
    },
    {
        "id": 4353928,
        "price": "0.00000050",
        "qty": "8025.00000000",
        "quoteQty": "0.00401250",
        "time": 1629975633330,
        "isBuyerMaker": false,
        "isBestMatch": true
    },
    {
        "id": 4353929,
        "price": "0.00000050",
        "qty": "1797.00000000",
        "quoteQty": "0.00089850",
        "time": 1629975652793,
        "isBuyerMaker": true,
        "isBestMatch": true
    },
    {
        "id": 4353930,
        "price": "0.00000050",
        "qty": "18411.00000000",
        "quoteQty": "0.00920550",
        "time": 1629975652793,
        "isBuyerMaker": true,
        "isBestMatch": true
    },
    {
        "id": 4353931,
        "price": "0.00000050",
        "qty": "1709.00000000",
        "quoteQty": "0.00085450",
        "time": 1629975652793,
        "isBuyerMaker": true,
        "isBestMatch": true
    },
    {
        "id": 4353932,
        "price": "0.00000050",
        "qty": "16590.00000000",
        "quoteQty": "0.00829500",
        "time": 1629975656053,
        "isBuyerMaker": false,
        "isBestMatch": true
    },
    {
        "id": 4353933,
        "price": "0.00000050",
        "qty": "46385.00000000",
        "quoteQty": "0.02319250",
        "time": 1629975683880,
        "isBuyerMaker": true,
        "isBestMatch": true
    },
    {
        "id": 4353934,
        "price": "0.00000050",
        "qty": "34690.00000000",
        "quoteQty": "0.01734500",
        "time": 1629975719067,
        "isBuyerMaker": false,
        "isBestMatch": true
    },
    {
        "id": 4353935,
        "price": "0.00000050",
        "qty": "96980.00000000",
        "quoteQty": "0.04849000",
        "time": 1629975817615,
        "isBuyerMaker": true,
        "isBestMatch": true
    },
    {
        "id": 4353936,
        "price": "0.00000050",
        "qty": "96980.00000000",
        "quoteQty": "0.04849000",
        "time": 1629975817615,
        "isBuyerMaker": true,
        "isBestMatch": true
    },
    {
        "id": 4353937,
        "price": "0.00000050",
        "qty": "96980.00000000",
        "quoteQty": "0.04849000",
        "time": 1629975817615,
        "isBuyerMaker": true,
        "isBestMatch": true
    },
    {
        "id": 4353938,
        "price": "0.00000050",
        "qty": "8034.00000000",
        "quoteQty": "0.00401700",
        "time": 1629975817615,
        "isBuyerMaker": true,
        "isBestMatch": true
    },
    {
        "id": 4353939,
        "price": "0.00000050",
        "qty": "96990.00000000",
        "quoteQty": "0.04849500",
        "time": 1629975817615,
        "isBuyerMaker": true,
        "isBestMatch": true
    },
    {
        "id": 4353940,
        "price": "0.00000050",
        "qty": "96990.00000000",
        "quoteQty": "0.04849500",
        "time": 1629975817615,
        "isBuyerMaker": true,
        "isBestMatch": true
    },
    {
        "id": 4353941,
        "price": "0.00000050",
        "qty": "49990.00000000",
        "quoteQty": "0.02499500",
        "time": 1629975817615,
        "isBuyerMaker": true,
        "isBestMatch": true
    },
    {
        "id": 4353942,
        "price": "0.00000050",
        "qty": "13291.00000000",
        "quoteQty": "0.00664550",
        "time": 1629975817615,
        "isBuyerMaker": true,
        "isBestMatch": true
    },
    {
        "id": 4353943,
        "price": "0.00000050",
        "qty": "154602.00000000",
        "quoteQty": "0.07730100",
        "time": 1629975817615,
        "isBuyerMaker": true,
        "isBestMatch": true
    },
    {
        "id": 4353944,
        "price": "0.00000051",
        "qty": "5642.00000000",
        "quoteQty": "0.00287742",
        "time": 1629975823239,
        "isBuyerMaker": false,
        "isBestMatch": true
    },
    {
        "id": 4353945,
        "price": "0.00000051",
        "qty": "1067.00000000",
        "quoteQty": "0.00054417",
        "time": 1629975823239,
        "isBuyerMaker": false,
        "isBestMatch": true
    },
    {
        "id": 4353946,
        "price": "0.00000050",
        "qty": "27888.00000000",
        "quoteQty": "0.01394400",
        "time": 1629975857385,
        "isBuyerMaker": true,
        "isBestMatch": true
    },
    {
        "id": 4353947,
        "price": "0.00000051",
        "qty": "6828.00000000",
        "quoteQty": "0.00348228",
        "time": 1629975894685,
        "isBuyerMaker": false,
        "isBestMatch": true
    },
    {
        "id": 4353948,
        "price": "0.00000050",
        "qty": "6828.00000000",
        "quoteQty": "0.00341400",
        "time": 1629975909986,
        "isBuyerMaker": true,
        "isBestMatch": true
    },
    {
        "id": 4353949,
        "price": "0.00000050",
        "qty": "999.00000000",
        "quoteQty": "0.00049950",
        "time": 1629975931691,
        "isBuyerMaker": true,
        "isBestMatch": true
    },
    {
        "id": 4353950,
        "price": "0.00000050",
        "qty": "18825.00000000",
        "quoteQty": "0.00941250",
        "time": 1629976000705,
        "isBuyerMaker": true,
        "isBestMatch": true
    },
    {
        "id": 4353951,
        "price": "0.00000051",
        "qty": "361.00000000",
        "quoteQty": "0.00018411",
        "time": 1629976161382,
        "isBuyerMaker": false,
        "isBestMatch": true
    },
    {
        "id": 4353952,
        "price": "0.00000050",
        "qty": "3883.00000000",
        "quoteQty": "0.00194150",
        "time": 1629976162669,
        "isBuyerMaker": true,
        "isBestMatch": true
    },
    {
        "id": 4353953,
        "price": "0.00000050",
        "qty": "254854.00000000",
        "quoteQty": "0.12742700",
        "time": 1629976169491,
        "isBuyerMaker": true,
        "isBestMatch": true
    },
    {
        "id": 4353954,
        "price": "0.00000051",
        "qty": "199.00000000",
        "quoteQty": "0.00010149",
        "time": 1629976390570,
        "isBuyerMaker": false,
        "isBestMatch": true
    },
    {
        "id": 4353955,
        "price": "0.00000051",
        "qty": "981.00000000",
        "quoteQty": "0.00050031",
        "time": 1629976422110,
        "isBuyerMaker": false,
        "isBestMatch": true
    },
    {
        "id": 4353956,
        "price": "0.00000050",
        "qty": "1886.00000000",
        "quoteQty": "0.00094300",
        "time": 1629976435366,
        "isBuyerMaker": true,
        "isBestMatch": true
    },
    {
        "id": 4353957,
        "price": "0.00000050",
        "qty": "1715.00000000",
        "quoteQty": "0.00085750",
        "time": 1629976442371,
        "isBuyerMaker": true,
        "isBestMatch": true
    },
    {
        "id": 4353958,
        "price": "0.00000050",
        "qty": "643.00000000",
        "quoteQty": "0.00032150",
        "time": 1629976642034,
        "isBuyerMaker": true,
        "isBestMatch": true
    },
    {
        "id": 4353959,
        "price": "0.00000050",
        "qty": "15502.00000000",
        "quoteQty": "0.00775100",
        "time": 1629976663659,
        "isBuyerMaker": true,
        "isBestMatch": true
    },
    {
        "id": 4353960,
        "price": "0.00000051",
        "qty": "15183.00000000",
        "quoteQty": "0.00774333",
        "time": 1629976667459,
        "isBuyerMaker": false,
        "isBestMatch": true
    },
    {
        "id": 4353961,
        "price": "0.00000050",
        "qty": "2349.00000000",
        "quoteQty": "0.00117450",
        "time": 1629976747500,
        "isBuyerMaker": true,
        "isBestMatch": true
    },
    {
        "id": 4353962,
        "price": "0.00000051",
        "qty": "297.00000000",
        "quoteQty": "0.00015147",
        "time": 1629976838891,
        "isBuyerMaker": false,
        "isBestMatch": true
    },
    {
        "id": 4353963,
        "price": "0.00000051",
        "qty": "18312.00000000",
        "quoteQty": "0.00933912",
        "time": 1629976904009,
        "isBuyerMaker": false,
        "isBestMatch": true
    },
    {
        "id": 4353964,
        "price": "0.00000051",
        "qty": "4344.00000000",
        "quoteQty": "0.00221544",
        "time": 1629976952802,
        "isBuyerMaker": false,
        "isBestMatch": true
    },
    {
        "id": 4353965,
        "price": "0.00000051",
        "qty": "2000.00000000",
        "quoteQty": "0.00102000",
        "time": 1629976981646,
        "isBuyerMaker": false,
        "isBestMatch": true
    },
    {
        "id": 4353966,
        "price": "0.00000050",
        "qty": "3465.00000000",
        "quoteQty": "0.00173250",
        "time": 1629977002441,
        "isBuyerMaker": true,
        "isBestMatch": true
    },
    {
        "id": 4353967,
        "price": "0.00000050",
        "qty": "58618.00000000",
        "quoteQty": "0.02930900",
        "time": 1629977019730,
        "isBuyerMaker": true,
        "isBestMatch": true
    },
    {
        "id": 4353968,
        "price": "0.00000051",
        "qty": "10000.00000000",
        "quoteQty": "0.00510000",
        "time": 1629977058419,
        "isBuyerMaker": false,
        "isBestMatch": true
    },
    {
        "id": 4353969,
        "price": "0.00000050",
        "qty": "9182.00000000",
        "quoteQty": "0.00459100",
        "time": 1629977121650,
        "isBuyerMaker": true,
        "isBestMatch": true
    },
    {
        "id": 4353970,
        "price": "0.00000050",
        "qty": "11513.00000000",
        "quoteQty": "0.00575650",
        "time": 1629977197861,
        "isBuyerMaker": true,
        "isBestMatch": true
    },
    {
        "id": 4353971,
        "price": "0.00000050",
        "qty": "1562.00000000",
        "quoteQty": "0.00078100",
        "time": 1629977202138,
        "isBuyerMaker": true,
        "isBestMatch": true
    },
    {
        "id": 4353972,
        "price": "0.00000050",
        "qty": "11221.00000000",
        "quoteQty": "0.00561050",
        "time": 1629977209763,
        "isBuyerMaker": true,
        "isBestMatch": true
    },
    {
        "id": 4353973,
        "price": "0.00000050",
        "qty": "10957.00000000",
        "quoteQty": "0.00547850",
        "time": 1629977315375,
        "isBuyerMaker": true,
        "isBestMatch": true
    },
    {
        "id": 4353974,
        "price": "0.00000051",
        "qty": "10731.00000000",
        "quoteQty": "0.00547281",
        "time": 1629977319432,
        "isBuyerMaker": false,
        "isBestMatch": true
    },
    {
        "id": 4353975,
        "price": "0.00000050",
        "qty": "10000.00000000",
        "quoteQty": "0.00500000",
        "time": 1629977377921,
        "isBuyerMaker": true,
        "isBestMatch": true
    },
    {
        "id": 4353976,
        "price": "0.00000051",
        "qty": "20793.00000000",
        "quoteQty": "0.01060443",
        "time": 1629977419631,
        "isBuyerMaker": false,
        "isBestMatch": true
    },
    {
        "id": 4353977,
        "price": "0.00000050",
        "qty": "64773.00000000",
        "quoteQty": "0.03238650",
        "time": 1629977420407,
        "isBuyerMaker": true,
        "isBestMatch": true
    },
    {
        "id": 4353978,
        "price": "0.00000051",
        "qty": "4949.00000000",
        "quoteQty": "0.00252399",
        "time": 1629977456378,
        "isBuyerMaker": false,
        "isBestMatch": true
    },
    {
        "id": 4353979,
        "price": "0.00000051",
        "qty": "315.00000000",
        "quoteQty": "0.00016065",
        "time": 1629977637923,
        "isBuyerMaker": false,
        "isBestMatch": true
    },
    {
        "id": 4353980,
        "price": "0.00000050",
        "qty": "10694.00000000",
        "quoteQty": "0.00534700",
        "time": 1629977709920,
        "isBuyerMaker": true,
        "isBestMatch": true
    },
    {
        "id": 4353981,
        "price": "0.00000051",
        "qty": "850.00000000",
        "quoteQty": "0.00043350",
        "time": 1629977713424,
        "isBuyerMaker": false,
        "isBestMatch": true
    },
    {
        "id": 4353982,
        "price": "0.00000051",
        "qty": "9624.00000000",
        "quoteQty": "0.00490824",
        "time": 1629977713424,
        "isBuyerMaker": false,
        "isBestMatch": true
    },
    {
        "id": 4353983,
        "price": "0.00000051",
        "qty": "762.00000000",
        "quoteQty": "0.00038862",
        "time": 1629977798837,
        "isBuyerMaker": false,
        "isBestMatch": true
    },
    {
        "id": 4353984,
        "price": "0.00000051",
        "qty": "60147.00000000",
        "quoteQty": "0.03067497",
        "time": 1629977830461,
        "isBuyerMaker": false,
        "isBestMatch": true
    },
    {
        "id": 4353985,
        "price": "0.00000051",
        "qty": "892735.00000000",
        "quoteQty": "0.45529485",
        "time": 1629977858201,
        "isBuyerMaker": false,
        "isBestMatch": true
    },
    {
        "id": 4353986,
        "price": "0.00000050",
        "qty": "10464.00000000",
        "quoteQty": "0.00523200",
        "time": 1629977885789,
        "isBuyerMaker": true,
        "isBestMatch": true
    },
    {
        "id": 4353987,
        "price": "0.00000051",
        "qty": "10249.00000000",
        "quoteQty": "0.00522699",
        "time": 1629977890478,
        "isBuyerMaker": false,
        "isBestMatch": true
    },
    {
        "id": 4353988,
        "price": "0.00000051",
        "qty": "2119.00000000",
        "quoteQty": "0.00108069",
        "time": 1629977985580,
        "isBuyerMaker": false,
        "isBestMatch": true
    },
    {
        "id": 4353989,
        "price": "0.00000051",
        "qty": "12941.00000000",
        "quoteQty": "0.00659991",
        "time": 1629978236475,
        "isBuyerMaker": false,
        "isBestMatch": true
    },
    {
        "id": 4353990,
        "price": "0.00000051",
        "qty": "489.00000000",
        "quoteQty": "0.00024939",
        "time": 1629978365055,
        "isBuyerMaker": false,
        "isBestMatch": true
    },
    {
        "id": 4353991,
        "price": "0.00000050",
        "qty": "14319.00000000",
        "quoteQty": "0.00715950",
        "time": 1629978392830,
        "isBuyerMaker": true,
        "isBestMatch": true
    },
    {
        "id": 4353992,
        "price": "0.00000051",
        "qty": "14024.00000000",
        "quoteQty": "0.00715224",
        "time": 1629978405059,
        "isBuyerMaker": false,
        "isBestMatch": true
    },
    {
        "id": 4353993,
        "price": "0.00000051",
        "qty": "1866.00000000",
        "quoteQty": "0.00095166",
        "time": 1629978421641,
        "isBuyerMaker": false,
        "isBestMatch": true
    },
    {
        "id": 4353994,
        "price": "0.00000051",
        "qty": "1893.00000000",
        "quoteQty": "0.00096543",
        "time": 1629978454690,
        "isBuyerMaker": false,
        "isBestMatch": true
    },
    {
        "id": 4353995,
        "price": "0.00000051",
        "qty": "18953.00000000",
        "quoteQty": "0.00966603",
        "time": 1629978490961,
        "isBuyerMaker": false,
        "isBestMatch": true
    },
    {
        "id": 4353996,
        "price": "0.00000051",
        "qty": "14597.00000000",
        "quoteQty": "0.00744447",
        "time": 1629978552227,
        "isBuyerMaker": false,
        "isBestMatch": true
    },
    {
        "id": 4353997,
        "price": "0.00000050",
        "qty": "1866.00000000",
        "quoteQty": "0.00093300",
        "time": 1629978552516,
        "isBuyerMaker": true,
        "isBestMatch": true
    },
    {
        "id": 4353998,
        "price": "0.00000051",
        "qty": "30384.00000000",
        "quoteQty": "0.01549584",
        "time": 1629978652226,
        "isBuyerMaker": false,
        "isBestMatch": true
    },
    {
        "id": 4353999,
        "price": "0.00000051",
        "qty": "1306.00000000",
        "quoteQty": "0.00066606",
        "time": 1629978668667,
        "isBuyerMaker": false,
        "isBestMatch": true
    },
    {
        "id": 4354000,
        "price": "0.00000051",
        "qty": "334698.00000000",
        "quoteQty": "0.17069598",
        "time": 1629978677378,
        "isBuyerMaker": false,
        "isBestMatch": true
    },
    {
        "id": 4354001,
        "price": "0.00000051",
        "qty": "705.00000000",
        "quoteQty": "0.00035955",
        "time": 1629978714786,
        "isBuyerMaker": false,
        "isBestMatch": true
    },
    {
        "id": 4354002,
        "price": "0.00000051",
        "qty": "89019.00000000",
        "quoteQty": "0.04539969",
        "time": 1629978715634,
        "isBuyerMaker": false,
        "isBestMatch": true
    },
    {
        "id": 4354003,
        "price": "0.00000051",
        "qty": "837105.00000000",
        "quoteQty": "0.42692355",
        "time": 1629978715643,
        "isBuyerMaker": false,
        "isBestMatch": true
    },
    {
        "id": 4354004,
        "price": "0.00000051",
        "qty": "63117.00000000",
        "quoteQty": "0.03218967",
        "time": 1629978716133,
        "isBuyerMaker": false,
        "isBestMatch": true
    },
    {
        "id": 4354005,
        "price": "0.00000051",
        "qty": "834.00000000",
        "quoteQty": "0.00042534",
        "time": 1629978718631,
        "isBuyerMaker": false,
        "isBestMatch": true
    },
    {
        "id": 4354006,
        "price": "0.00000051",
        "qty": "835.00000000",
        "quoteQty": "0.00042585",
        "time": 1629978718683,
        "isBuyerMaker": false,
        "isBestMatch": true
    },
    {
        "id": 4354007,
        "price": "0.00000051",
        "qty": "835.00000000",
        "quoteQty": "0.00042585",
        "time": 1629978720588,
        "isBuyerMaker": false,
        "isBestMatch": true
    },
    {
        "id": 4354008,
        "price": "0.00000051",
        "qty": "71514.00000000",
        "quoteQty": "0.03647214",
        "time": 1629978722227,
        "isBuyerMaker": false,
        "isBestMatch": true
    },
    {
        "id": 4354009,
        "price": "0.00000051",
        "qty": "11261.00000000",
        "quoteQty": "0.00574311",
        "time": 1629978722758,
        "isBuyerMaker": false,
        "isBestMatch": true
    },
    {
        "id": 4354010,
        "price": "0.00000051",
        "qty": "26490.00000000",
        "quoteQty": "0.01350990",
        "time": 1629978722883,
        "isBuyerMaker": false,
        "isBestMatch": true
    },
    {
        "id": 4354011,
        "price": "0.00000051",
        "qty": "835.00000000",
        "quoteQty": "0.00042585",
        "time": 1629978722890,
        "isBuyerMaker": false,
        "isBestMatch": true
    },
    {
        "id": 4354012,
        "price": "0.00000051",
        "qty": "834.00000000",
        "quoteQty": "0.00042534",
        "time": 1629978722932,
        "isBuyerMaker": false,
        "isBestMatch": true
    },
    {
        "id": 4354013,
        "price": "0.00000051",
        "qty": "835.00000000",
        "quoteQty": "0.00042585",
        "time": 1629978722988,
        "isBuyerMaker": false,
        "isBestMatch": true
    },
    {
        "id": 4354014,
        "price": "0.00000051",
        "qty": "146380.00000000",
        "quoteQty": "0.07465380",
        "time": 1629978723273,
        "isBuyerMaker": false,
        "isBestMatch": true
    },
    {
        "id": 4354015,
        "price": "0.00000051",
        "qty": "835.00000000",
        "quoteQty": "0.00042585",
        "time": 1629978723319,
        "isBuyerMaker": false,
        "isBestMatch": true
    },
    {
        "id": 4354016,
        "price": "0.00000051",
        "qty": "83542.00000000",
        "quoteQty": "0.04260642",
        "time": 1629978723337,
        "isBuyerMaker": false,
        "isBestMatch": true
    },
    {
        "id": 4354017,
        "price": "0.00000051",
        "qty": "834.00000000",
        "quoteQty": "0.00042534",
        "time": 1629978726137,
        "isBuyerMaker": false,
        "isBestMatch": true
    },
    {
        "id": 4354018,
        "price": "0.00000051",
        "qty": "13541.00000000",
        "quoteQty": "0.00690591",
        "time": 1629978726289,
        "isBuyerMaker": false,
        "isBestMatch": true
    },
    {
        "id": 4354019,
        "price": "0.00000051",
        "qty": "6674.00000000",
        "quoteQty": "0.00340374",
        "time": 1629978726933,
        "isBuyerMaker": false,
        "isBestMatch": true
    },
    {
        "id": 4354020,
        "price": "0.00000051",
        "qty": "7030.00000000",
        "quoteQty": "0.00358530",
        "time": 1629978727468,
        "isBuyerMaker": false,
        "isBestMatch": true
    },
    {
        "id": 4354021,
        "price": "0.00000051",
        "qty": "835.00000000",
        "quoteQty": "0.00042585",
        "time": 1629978727483,
        "isBuyerMaker": false,
        "isBestMatch": true
    },
    {
        "id": 4354022,
        "price": "0.00000051",
        "qty": "117780.00000000",
        "quoteQty": "0.06006780",
        "time": 1629978728337,
        "isBuyerMaker": false,
        "isBestMatch": true
    },
    {
        "id": 4354023,
        "price": "0.00000051",
        "qty": "31740.00000000",
        "quoteQty": "0.01618740",
        "time": 1629978729225,
        "isBuyerMaker": false,
        "isBestMatch": true
    },
    {
        "id": 4354024,
        "price": "0.00000051",
        "qty": "20000.00000000",
        "quoteQty": "0.01020000",
        "time": 1629978729643,
        "isBuyerMaker": false,
        "isBestMatch": true
    },
    {
        "id": 4354025,
        "price": "0.00000051",
        "qty": "482730.00000000",
        "quoteQty": "0.24619230",
        "time": 1629978729651,
        "isBuyerMaker": false,
        "isBestMatch": true
    },
    {
        "id": 4354026,
        "price": "0.00000051",
        "qty": "11300.00000000",
        "quoteQty": "0.00576300",
        "time": 1629978729651,
        "isBuyerMaker": false,
        "isBestMatch": true
    },
    {
        "id": 4354027,
        "price": "0.00000051",
        "qty": "19930.00000000",
        "quoteQty": "0.01016430",
        "time": 1629978729651,
        "isBuyerMaker": false,
        "isBestMatch": true
    },
    {
        "id": 4354028,
        "price": "0.00000051",
        "qty": "11591.00000000",
        "quoteQty": "0.00591141",
        "time": 1629978729651,
        "isBuyerMaker": false,
        "isBestMatch": true
    },
    {
        "id": 4354029,
        "price": "0.00000051",
        "qty": "4651.00000000",
        "quoteQty": "0.00237201",
        "time": 1629978729651,
        "isBuyerMaker": false,
        "isBestMatch": true
    },
    {
        "id": 4354030,
        "price": "0.00000051",
        "qty": "290.00000000",
        "quoteQty": "0.00014790",
        "time": 1629978729651,
        "isBuyerMaker": false,
        "isBestMatch": true
    },
    {
        "id": 4354031,
        "price": "0.00000051",
        "qty": "17756.00000000",
        "quoteQty": "0.00905556",
        "time": 1629978729651,
        "isBuyerMaker": false,
        "isBestMatch": true
    },
    {
        "id": 4354032,
        "price": "0.00000051",
        "qty": "386.00000000",
        "quoteQty": "0.00019686",
        "time": 1629978729651,
        "isBuyerMaker": false,
        "isBestMatch": true
    },
    {
        "id": 4354033,
        "price": "0.00000051",
        "qty": "1954.00000000",
        "quoteQty": "0.00099654",
        "time": 1629978729651,
        "isBuyerMaker": false,
        "isBestMatch": true
    },
    {
        "id": 4354034,
        "price": "0.00000051",
        "qty": "922.00000000",
        "quoteQty": "0.00047022",
        "time": 1629978729651,
        "isBuyerMaker": false,
        "isBestMatch": true
    },
    {
        "id": 4354035,
        "price": "0.00000051",
        "qty": "2054.00000000",
        "quoteQty": "0.00104754",
        "time": 1629978729651,
        "isBuyerMaker": false,
        "isBestMatch": true
    },
    {
        "id": 4354036,
        "price": "0.00000051",
        "qty": "250.00000000",
        "quoteQty": "0.00012750",
        "time": 1629978729651,
        "isBuyerMaker": false,
        "isBestMatch": true
    },
    {
        "id": 4354037,
        "price": "0.00000051",
        "qty": "5000.00000000",
        "quoteQty": "0.00255000",
        "time": 1629978729651,
        "isBuyerMaker": false,
        "isBestMatch": true
    },
    {
        "id": 4354038,
        "price": "0.00000051",
        "qty": "1000.00000000",
        "quoteQty": "0.00051000",
        "time": 1629978729651,
        "isBuyerMaker": false,
        "isBestMatch": true
    },
    {
        "id": 4354039,
        "price": "0.00000051",
        "qty": "12000.00000000",
        "quoteQty": "0.00612000",
        "time": 1629978729651,
        "isBuyerMaker": false,
        "isBestMatch": true
    },
    {
        "id": 4354040,
        "price": "0.00000051",
        "qty": "300.00000000",
        "quoteQty": "0.00015300",
        "time": 1629978729651,
        "isBuyerMaker": false,
        "isBestMatch": true
    },
    {
        "id": 4354041,
        "price": "0.00000051",
        "qty": "12000.00000000",
        "quoteQty": "0.00612000",
        "time": 1629978729651,
        "isBuyerMaker": false,
        "isBestMatch": true
    },
    {
        "id": 4354042,
        "price": "0.00000051",
        "qty": "260.00000000",
        "quoteQty": "0.00013260",
        "time": 1629978729651,
        "isBuyerMaker": false,
        "isBestMatch": true
    },
    {
        "id": 4354043,
        "price": "0.00000051",
        "qty": "12000.00000000",
        "quoteQty": "0.00612000",
        "time": 1629978729651,
        "isBuyerMaker": false,
        "isBestMatch": true
    },
    {
        "id": 4354044,
        "price": "0.00000051",
        "qty": "24000.00000000",
        "quoteQty": "0.01224000",
        "time": 1629978729651,
        "isBuyerMaker": false,
        "isBestMatch": true
    },
    {
        "id": 4354045,
        "price": "0.00000051",
        "qty": "600.00000000",
        "quoteQty": "0.00030600",
        "time": 1629978729651,
        "isBuyerMaker": false,
        "isBestMatch": true
    },
    {
        "id": 4354046,
        "price": "0.00000051",
        "qty": "282.00000000",
        "quoteQty": "0.00014382",
        "time": 1629978729651,
        "isBuyerMaker": false,
        "isBestMatch": true
    },
    {
        "id": 4354047,
        "price": "0.00000051",
        "qty": "400.00000000",
        "quoteQty": "0.00020400",
        "time": 1629978729651,
        "isBuyerMaker": false,
        "isBestMatch": true
    },
    {
        "id": 4354048,
        "price": "0.00000051",
        "qty": "1750.00000000",
        "quoteQty": "0.00089250",
        "time": 1629978729651,
        "isBuyerMaker": false,
        "isBestMatch": true
    },
    {
        "id": 4354049,
        "price": "0.00000051",
        "qty": "600.00000000",
        "quoteQty": "0.00030600",
        "time": 1629978729651,
        "isBuyerMaker": false,
        "isBestMatch": true
    },
    {
        "id": 4354050,
        "price": "0.00000051",
        "qty": "600.00000000",
        "quoteQty": "0.00030600",
        "time": 1629978729651,
        "isBuyerMaker": false,
        "isBestMatch": true
    },
    {
        "id": 4354051,
        "price": "0.00000051",
        "qty": "5000.00000000",
        "quoteQty": "0.00255000",
        "time": 1629978729651,
        "isBuyerMaker": false,
        "isBestMatch": true
    },
    {
        "id": 4354052,
        "price": "0.00000051",
        "qty": "330.00000000",
        "quoteQty": "0.00016830",
        "time": 1629978729651,
        "isBuyerMaker": false,
        "isBestMatch": true
    },
    {
        "id": 4354053,
        "price": "0.00000051",
        "qty": "1250.00000000",
        "quoteQty": "0.00063750",
        "time": 1629978729651,
        "isBuyerMaker": false,
        "isBestMatch": true
    },
    {
        "id": 4354054,
        "price": "0.00000051",
        "qty": "1010.00000000",
        "quoteQty": "0.00051510",
        "time": 1629978729651,
        "isBuyerMaker": false,
        "isBestMatch": true
    },
    {
        "id": 4354055,
        "price": "0.00000051",
        "qty": "320.00000000",
        "quoteQty": "0.00016320",
        "time": 1629978729651,
        "isBuyerMaker": false,
        "isBestMatch": true
    },
    {
        "id": 4354056,
        "price": "0.00000051",
        "qty": "1700.00000000",
        "quoteQty": "0.00086700",
        "time": 1629978729651,
        "isBuyerMaker": false,
        "isBestMatch": true
    },
    {
        "id": 4354057,
        "price": "0.00000051",
        "qty": "600.00000000",
        "quoteQty": "0.00030600",
        "time": 1629978729651,
        "isBuyerMaker": false,
        "isBestMatch": true
    },
    {
        "id": 4354058,
        "price": "0.00000051",
        "qty": "355.00000000",
        "quoteQty": "0.00018105",
        "time": 1629978729651,
        "isBuyerMaker": false,
        "isBestMatch": true
    },
    {
        "id": 4354059,
        "price": "0.00000051",
        "qty": "626.00000000",
        "quoteQty": "0.00031926",
        "time": 1629978729651,
        "isBuyerMaker": false,
        "isBestMatch": true
    },
    {
        "id": 4354060,
        "price": "0.00000051",
        "qty": "11907.00000000",
        "quoteQty": "0.00607257",
        "time": 1629978729651,
        "isBuyerMaker": false,
        "isBestMatch": true
    },
    {
        "id": 4354061,
        "price": "0.00000051",
        "qty": "907.00000000",
        "quoteQty": "0.00046257",
        "time": 1629978729651,
        "isBuyerMaker": false,
        "isBestMatch": true
    },
    {
        "id": 4354062,
        "price": "0.00000051",
        "qty": "2359.00000000",
        "quoteQty": "0.00120309",
        "time": 1629978729651,
        "isBuyerMaker": false,
        "isBestMatch": true
    },
    {
        "id": 4354063,
        "price": "0.00000051",
        "qty": "1875.00000000",
        "quoteQty": "0.00095625",
        "time": 1629978729651,
        "isBuyerMaker": false,
        "isBestMatch": true
    },
    {
        "id": 4354064,
        "price": "0.00000051",
        "qty": "15113.00000000",
        "quoteQty": "0.00770763",
        "time": 1629978729651,
        "isBuyerMaker": false,
        "isBestMatch": true
    },
    {
        "id": 4354065,
        "price": "0.00000051",
        "qty": "204.00000000",
        "quoteQty": "0.00010404",
        "time": 1629978729651,
        "isBuyerMaker": false,
        "isBestMatch": true
    },
    {
        "id": 4354066,
        "price": "0.00000051",
        "qty": "1883.00000000",
        "quoteQty": "0.00096033",
        "time": 1629978729651,
        "isBuyerMaker": false,
        "isBestMatch": true
    },
    {
        "id": 4354067,
        "price": "0.00000051",
        "qty": "466.00000000",
        "quoteQty": "0.00023766",
        "time": 1629978729651,
        "isBuyerMaker": false,
        "isBestMatch": true
    },
    {
        "id": 4354068,
        "price": "0.00000051",
        "qty": "22519.00000000",
        "quoteQty": "0.01148469",
        "time": 1629978729651,
        "isBuyerMaker": false,
        "isBestMatch": true
    },
    {
        "id": 4354069,
        "price": "0.00000051",
        "qty": "7192.00000000",
        "quoteQty": "0.00366792",
        "time": 1629978729662,
        "isBuyerMaker": false,
        "isBestMatch": true
    },
    {
        "id": 4354070,
        "price": "0.00000051",
        "qty": "454690.00000000",
        "quoteQty": "0.23189190",
        "time": 1629978729662,
        "isBuyerMaker": false,
        "isBestMatch": true
    },
    {
        "id": 4354071,
        "price": "0.00000051",
        "qty": "33707.00000000",
        "quoteQty": "0.01719057",
        "time": 1629978729662,
        "isBuyerMaker": false,
        "isBestMatch": true
    },
    {
        "id": 4354072,
        "price": "0.00000051",
        "qty": "500.00000000",
        "quoteQty": "0.00025500",
        "time": 1629978729662,
        "isBuyerMaker": false,
        "isBestMatch": true
    },
    {
        "id": 4354073,
        "price": "0.00000051",
        "qty": "9990.00000000",
        "quoteQty": "0.00509490",
        "time": 1629978729662,
        "isBuyerMaker": false,
        "isBestMatch": true
    },
    {
        "id": 4354074,
        "price": "0.00000051",
        "qty": "9220.00000000",
        "quoteQty": "0.00470220",
        "time": 1629978729662,
        "isBuyerMaker": false,
        "isBestMatch": true
    },
    {
        "id": 4354075,
        "price": "0.00000051",
        "qty": "251.00000000",
        "quoteQty": "0.00012801",
        "time": 1629978729662,
        "isBuyerMaker": false,
        "isBestMatch": true
    },
    {
        "id": 4354076,
        "price": "0.00000051",
        "qty": "57677.00000000",
        "quoteQty": "0.02941527",
        "time": 1629978729662,
        "isBuyerMaker": false,
        "isBestMatch": true
    },
    {
        "id": 4354077,
        "price": "0.00000051",
        "qty": "33279.00000000",
        "quoteQty": "0.01697229",
        "time": 1629978729662,
        "isBuyerMaker": false,
        "isBestMatch": true
    },
    {
        "id": 4354078,
        "price": "0.00000051",
        "qty": "21850.00000000",
        "quoteQty": "0.01114350",
        "time": 1629978729662,
        "isBuyerMaker": false,
        "isBestMatch": true
    },
    {
        "id": 4354079,
        "price": "0.00000051",
        "qty": "6502.00000000",
        "quoteQty": "0.00331602",
        "time": 1629978729662,
        "isBuyerMaker": false,
        "isBestMatch": true
    },
    {
        "id": 4354080,
        "price": "0.00000051",
        "qty": "260.00000000",
        "quoteQty": "0.00013260",
        "time": 1629978729662,
        "isBuyerMaker": false,
        "isBestMatch": true
    },
    {
        "id": 4354081,
        "price": "0.00000051",
        "qty": "2555.00000000",
        "quoteQty": "0.00130305",
        "time": 1629978729662,
        "isBuyerMaker": false,
        "isBestMatch": true
    },
    {
        "id": 4354082,
        "price": "0.00000051",
        "qty": "834.00000000",
        "quoteQty": "0.00042534",
        "time": 1629978729738,
        "isBuyerMaker": false,
        "isBestMatch": true
    },
    {
        "id": 4354083,
        "price": "0.00000051",
        "qty": "20000.00000000",
        "quoteQty": "0.01020000",
        "time": 1629978729840,
        "isBuyerMaker": false,
        "isBestMatch": true
    },
    {
        "id": 4354084,
        "price": "0.00000051",
        "qty": "20834.00000000",
        "quoteQty": "0.01062534",
        "time": 1629978729890,
        "isBuyerMaker": false,
        "isBestMatch": true
    },
    {
        "id": 4354085,
        "price": "0.00000051",
        "qty": "20000.00000000",
        "quoteQty": "0.01020000",
        "time": 1629978729985,
        "isBuyerMaker": false,
        "isBestMatch": true
    },
    {
        "id": 4354086,
        "price": "0.00000051",
        "qty": "834.00000000",
        "quoteQty": "0.00042534",
        "time": 1629978731789,
        "isBuyerMaker": false,
        "isBestMatch": true
    },
    {
        "id": 4354087,
        "price": "0.00000051",
        "qty": "834.00000000",
        "quoteQty": "0.00042534",
        "time": 1629978731881,
        "isBuyerMaker": false,
        "isBestMatch": true
    },
    {
        "id": 4354088,
        "price": "0.00000051",
        "qty": "1254.00000000",
        "quoteQty": "0.00063954",
        "time": 1629978731937,
        "isBuyerMaker": false,
        "isBestMatch": true
    },
    {
        "id": 4354089,
        "price": "0.00000051",
        "qty": "1253.00000000",
        "quoteQty": "0.00063903",
        "time": 1629978731938,
        "isBuyerMaker": false,
        "isBestMatch": true
    },
    {
        "id": 4354090,
        "price": "0.00000051",
        "qty": "834.00000000",
        "quoteQty": "0.00042534",
        "time": 1629978732432,
        "isBuyerMaker": false,
        "isBestMatch": true
    },
    {
        "id": 4354091,
        "price": "0.00000051",
        "qty": "35210.00000000",
        "quoteQty": "0.01795710",
        "time": 1629978733268,
        "isBuyerMaker": false,
        "isBestMatch": true
    },
    {
        "id": 4354092,
        "price": "0.00000051",
        "qty": "834.00000000",
        "quoteQty": "0.00042534",
        "time": 1629978733334,
        "isBuyerMaker": false,
        "isBestMatch": true
    },
    {
        "id": 4354093,
        "price": "0.00000051",
        "qty": "11000.00000000",
        "quoteQty": "0.00561000",
        "time": 1629978733534,
        "isBuyerMaker": false,
        "isBestMatch": true
    },
    {
        "id": 4354094,
        "price": "0.00000051",
        "qty": "6688.00000000",
        "quoteQty": "0.00341088",
        "time": 1629978738595,
        "isBuyerMaker": false,
        "isBestMatch": true
    },
    {
        "id": 4354095,
        "price": "0.00000051",
        "qty": "1232.00000000",
        "quoteQty": "0.00062832",
        "time": 1629978738595,
        "isBuyerMaker": false,
        "isBestMatch": true
    },
    {
        "id": 4354096,
        "price": "0.00000051",
        "qty": "18748.00000000",
        "quoteQty": "0.00956148",
        "time": 1629978738734,
        "isBuyerMaker": false,
        "isBestMatch": true
    },
    {
        "id": 4354097,
        "price": "0.00000051",
        "qty": "28432.00000000",
        "quoteQty": "0.01450032",
        "time": 1629978738734,
        "isBuyerMaker": false,
        "isBestMatch": true
    },
    {
        "id": 4354098,
        "price": "0.00000051",
        "qty": "3263.00000000",
        "quoteQty": "0.00166413",
        "time": 1629978739593,
        "isBuyerMaker": false,
        "isBestMatch": true
    },
    {
        "id": 4354099,
        "price": "0.00000051",
        "qty": "1020.00000000",
        "quoteQty": "0.00052020",
        "time": 1629978739593,
        "isBuyerMaker": false,
        "isBestMatch": true
    },
    {
        "id": 4354100,
        "price": "0.00000051",
        "qty": "6450.00000000",
        "quoteQty": "0.00328950",
        "time": 1629978745088,
        "isBuyerMaker": false,
        "isBestMatch": true
    },
    {
        "id": 4354101,
        "price": "0.00000051",
        "qty": "67008.00000000",
        "quoteQty": "0.03417408",
        "time": 1629978745088,
        "isBuyerMaker": false,
        "isBestMatch": true
    },
    {
        "id": 4354102,
        "price": "0.00000051",
        "qty": "27540.00000000",
        "quoteQty": "0.01404540",
        "time": 1629978745638,
        "isBuyerMaker": false,
        "isBestMatch": true
    },
    {
        "id": 4354103,
        "price": "0.00000051",
        "qty": "4188.00000000",
        "quoteQty": "0.00213588",
        "time": 1629978745918,
        "isBuyerMaker": false,
        "isBestMatch": true
    },
    {
        "id": 4354104,
        "price": "0.00000051",
        "qty": "2000.00000000",
        "quoteQty": "0.00102000",
        "time": 1629978747176,
        "isBuyerMaker": false,
        "isBestMatch": true
    },
    {
        "id": 4354105,
        "price": "0.00000051",
        "qty": "9919.00000000",
        "quoteQty": "0.00505869",
        "time": 1629978778740,
        "isBuyerMaker": false,
        "isBestMatch": true
    },
    {
        "id": 4354106,
        "price": "0.00000051",
        "qty": "424.00000000",
        "quoteQty": "0.00021624",
        "time": 1629978778740,
        "isBuyerMaker": false,
        "isBestMatch": true
    },
    {
        "id": 4354107,
        "price": "0.00000051",
        "qty": "340.00000000",
        "quoteQty": "0.00017340",
        "time": 1629978778740,
        "isBuyerMaker": false,
        "isBestMatch": true
    },
    {
        "id": 4354108,
        "price": "0.00000051",
        "qty": "4317.00000000",
        "quoteQty": "0.00220167",
        "time": 1629978778740,
        "isBuyerMaker": false,
        "isBestMatch": true
    },
    {
        "id": 4354109,
        "price": "0.00000051",
        "qty": "683.00000000",
        "quoteQty": "0.00034833",
        "time": 1629978800422,
        "isBuyerMaker": false,
        "isBestMatch": true
    },
    {
        "id": 4354110,
        "price": "0.00000051",
        "qty": "4317.00000000",
        "quoteQty": "0.00220167",
        "time": 1629978800422,
        "isBuyerMaker": false,
        "isBestMatch": true
    },
    {
        "id": 4354111,
        "price": "0.00000051",
        "qty": "683.00000000",
        "quoteQty": "0.00034833",
        "time": 1629978817785,
        "isBuyerMaker": false,
        "isBestMatch": true
    },
    {
        "id": 4354112,
        "price": "0.00000051",
        "qty": "5000.00000000",
        "quoteQty": "0.00255000",
        "time": 1629978817785,
        "isBuyerMaker": false,
        "isBestMatch": true
    },
    {
        "id": 4354113,
        "price": "0.00000051",
        "qty": "1000.00000000",
        "quoteQty": "0.00051000",
        "time": 1629978817785,
        "isBuyerMaker": false,
        "isBestMatch": true
    },
    {
        "id": 4354114,
        "price": "0.00000051",
        "qty": "4610.00000000",
        "quoteQty": "0.00235110",
        "time": 1629978817785,
        "isBuyerMaker": false,
        "isBestMatch": true
    },
    {
        "id": 4354115,
        "price": "0.00000051",
        "qty": "15347.00000000",
        "quoteQty": "0.00782697",
        "time": 1629978817785,
        "isBuyerMaker": false,
        "isBestMatch": true
    },
    {
        "id": 4354116,
        "price": "0.00000051",
        "qty": "785.00000000",
        "quoteQty": "0.00040035",
        "time": 1629978817785,
        "isBuyerMaker": false,
        "isBestMatch": true
    },
    {
        "id": 4354117,
        "price": "0.00000051",
        "qty": "25000.00000000",
        "quoteQty": "0.01275000",
        "time": 1629978817785,
        "isBuyerMaker": false,
        "isBestMatch": true
    },
    {
        "id": 4354118,
        "price": "0.00000051",
        "qty": "54956.00000000",
        "quoteQty": "0.02802756",
        "time": 1629978817785,
        "isBuyerMaker": false,
        "isBestMatch": true
    },
    {
        "id": 4354119,
        "price": "0.00000051",
        "qty": "63973.00000000",
        "quoteQty": "0.03262623",
        "time": 1629978817834,
        "isBuyerMaker": false,
        "isBestMatch": true
    },
    {
        "id": 4354120,
        "price": "0.00000051",
        "qty": "44081.00000000",
        "quoteQty": "0.02248131",
        "time": 1629978817834,
        "isBuyerMaker": false,
        "isBestMatch": true
    },
    {
        "id": 4354121,
        "price": "0.00000051",
        "qty": "17083.00000000",
        "quoteQty": "0.00871233",
        "time": 1629978817844,
        "isBuyerMaker": false,
        "isBestMatch": true
    },
    {
        "id": 4354122,
        "price": "0.00000051",
        "qty": "200000.00000000",
        "quoteQty": "0.10200000",
        "time": 1629978817844,
        "isBuyerMaker": false,
        "isBestMatch": true
    },
    {
        "id": 4354123,
        "price": "0.00000051",
        "qty": "84063.00000000",
        "quoteQty": "0.04287213",
        "time": 1629978817844,
        "isBuyerMaker": false,
        "isBestMatch": true
    },
    {
        "id": 4354124,
        "price": "0.00000051",
        "qty": "24419.00000000",
        "quoteQty": "0.01245369",
        "time": 1629978817844,
        "isBuyerMaker": false,
        "isBestMatch": true
    },
    {
        "id": 4354125,
        "price": "0.00000051",
        "qty": "14173.00000000",
        "quoteQty": "0.00722823",
        "time": 1629978817844,
        "isBuyerMaker": false,
        "isBestMatch": true
    },
    {
        "id": 4354126,
        "price": "0.00000051",
        "qty": "139588.00000000",
        "quoteQty": "0.07118988",
        "time": 1629978817844,
        "isBuyerMaker": false,
        "isBestMatch": true
    },
    {
        "id": 4354127,
        "price": "0.00000051",
        "qty": "441887.00000000",
        "quoteQty": "0.22536237",
        "time": 1629978817844,
        "isBuyerMaker": false,
        "isBestMatch": true
    },
    {
        "id": 4354128,
        "price": "0.00000051",
        "qty": "8113.00000000",
        "quoteQty": "0.00413763",
        "time": 1629978817872,
        "isBuyerMaker": false,
        "isBestMatch": true
    },
    {
        "id": 4354129,
        "price": "0.00000051",
        "qty": "1000.00000000",
        "quoteQty": "0.00051000",
        "time": 1629978817872,
        "isBuyerMaker": false,
        "isBestMatch": true
    },
    {
        "id": 4354130,
        "price": "0.00000051",
        "qty": "771.00000000",
        "quoteQty": "0.00039321",
        "time": 1629978817872,
        "isBuyerMaker": false,
        "isBestMatch": true
    },
    {
        "id": 4354131,
        "price": "0.00000051",
        "qty": "10010.00000000",
        "quoteQty": "0.00510510",
        "time": 1629978817872,
        "isBuyerMaker": false,
        "isBestMatch": true
    },
    {
        "id": 4354132,
        "price": "0.00000051",
        "qty": "11123.00000000",
        "quoteQty": "0.00567273",
        "time": 1629978817872,
        "isBuyerMaker": false,
        "isBestMatch": true
    },
    {
        "id": 4354133,
        "price": "0.00000051",
        "qty": "200.00000000",
        "quoteQty": "0.00010200",
        "time": 1629978817872,
        "isBuyerMaker": false,
        "isBestMatch": true
    },
    {
        "id": 4354134,
        "price": "0.00000051",
        "qty": "14455.00000000",
        "quoteQty": "0.00737205",
        "time": 1629978817872,
        "isBuyerMaker": false,
        "isBestMatch": true
    },
    {
        "id": 4354135,
        "price": "0.00000051",
        "qty": "750.00000000",
        "quoteQty": "0.00038250",
        "time": 1629978817872,
        "isBuyerMaker": false,
        "isBestMatch": true
    },
    {
        "id": 4354136,
        "price": "0.00000051",
        "qty": "153378.00000000",
        "quoteQty": "0.07822278",
        "time": 1629978817872,
        "isBuyerMaker": false,
        "isBestMatch": true
    },
    {
        "id": 4354137,
        "price": "0.00000051",
        "qty": "92076.00000000",
        "quoteQty": "0.04695876",
        "time": 1629978817883,
        "isBuyerMaker": false,
        "isBestMatch": true
    },
    {
        "id": 4354138,
        "price": "0.00000051",
        "qty": "109425.00000000",
        "quoteQty": "0.05580675",
        "time": 1629978817938,
        "isBuyerMaker": false,
        "isBestMatch": true
    },
    {
        "id": 4354139,
        "price": "0.00000051",
        "qty": "98703.00000000",
        "quoteQty": "0.05033853",
        "time": 1629978817990,
