[
    {
        "id": 7450488,
        "price": "0.00598100",
        "qty": "156.00000000",
        "quoteQty": "0.93303600",
        "time": 1629983257869,
        "isBuyerMaker": true,
        "isBestMatch": true
    },
    {
        "id": 7450489,
        "price": "0.00598600",
        "qty": "78.00000000",
        "quoteQty": "0.46690800",
        "time": 1629983257880,
        "isBuyerMaker": false,
        "isBestMatch": true
    },
    {
        "id": 7450490,
        "price": "0.00598600",
        "qty": "0.50000000",
        "quoteQty": "0.00299300",
        "time": 1629983258529,
        "isBuyerMaker": false,
        "isBestMatch": true
    },
    {
        "id": 7450491,
        "price": "0.00598400",
        "qty": "170.00000000",
        "quoteQty": "1.01728000",
        "time": 1629983260271,
        "isBuyerMaker": true,
        "isBestMatch": true
    },
    {
        "id": 7450492,
        "price": "0.00598400",
        "qty": "398.60000000",
        "quoteQty": "2.38522240",
        "time": 1629983260271,
        "isBuyerMaker": true,
        "isBestMatch": true
    },
    {
        "id": 7450493,
        "price": "0.00598900",
        "qty": "296.10000000",
        "quoteQty": "1.77334290",
        "time": 1629983260948,
        "isBuyerMaker": false,
        "isBestMatch": true
    },
    {
        "id": 7450494,
        "price": "0.00599200",
        "qty": "126.50000000",
        "quoteQty": "0.75798800",
        "time": 1629983265518,
        "isBuyerMaker": false,
        "isBestMatch": true
    },
    {
        "id": 7450495,
        "price": "0.00599200",
        "qty": "126.50000000",
        "quoteQty": "0.75798800",
        "time": 1629983270598,
        "isBuyerMaker": false,
        "isBestMatch": true
    },
    {
        "id": 7450496,
        "price": "0.00599200",
        "qty": "126.50000000",
        "quoteQty": "0.75798800",
        "time": 1629983271946,
        "isBuyerMaker": false,
        "isBestMatch": true
    },
    {
        "id": 7450497,
        "price": "0.00599700",
        "qty": "129.90000000",
        "quoteQty": "0.77901030",
        "time": 1629983272677,
        "isBuyerMaker": false,
        "isBestMatch": true
    },
    {
        "id": 7450498,
        "price": "0.00599700",
        "qty": "31.10000000",
        "quoteQty": "0.18650670",
        "time": 1629983272677,
        "isBuyerMaker": false,
        "isBestMatch": true
    },
    {
        "id": 7450499,
        "price": "0.00599000",
        "qty": "83.40000000",
        "quoteQty": "0.49956600",
        "time": 1629983283213,
        "isBuyerMaker": true,
        "isBestMatch": true
    },
    {
        "id": 7450500,
        "price": "0.00599000",
        "qty": "50.00000000",
        "quoteQty": "0.29950000",
        "time": 1629983283213,
        "isBuyerMaker": true,
        "isBestMatch": true
    },
    {
        "id": 7450501,
        "price": "0.00598900",
        "qty": "226.00000000",
        "quoteQty": "1.35351400",
        "time": 1629983283582,
        "isBuyerMaker": true,
        "isBestMatch": true
    },
    {
        "id": 7450502,
        "price": "0.00598900",
        "qty": "0.90000000",
        "quoteQty": "0.00539010",
        "time": 1629983283597,
        "isBuyerMaker": true,
        "isBestMatch": true
    },
    {
        "id": 7450503,
        "price": "0.00598700",
        "qty": "100.00000000",
        "quoteQty": "0.59870000",
        "time": 1629983285344,
        "isBuyerMaker": true,
        "isBestMatch": true
    },
    {
        "id": 7450504,
        "price": "0.00598700",
        "qty": "43.00000000",
        "quoteQty": "0.25744100",
        "time": 1629983287207,
        "isBuyerMaker": true,
        "isBestMatch": true
    },
    {
        "id": 7450505,
        "price": "0.00598700",
        "qty": "100.00000000",
        "quoteQty": "0.59870000",
        "time": 1629983287207,
        "isBuyerMaker": true,
        "isBestMatch": true
    },
    {
        "id": 7450506,
        "price": "0.00598100",
        "qty": "170.00000000",
        "quoteQty": "1.01677000",
        "time": 1629983304982,
        "isBuyerMaker": true,
        "isBestMatch": true
    },
    {
        "id": 7450507,
        "price": "0.00598000",
        "qty": "284.00000000",
        "quoteQty": "1.69832000",
        "time": 1629983304997,
        "isBuyerMaker": true,
        "isBestMatch": true
    },
    {
        "id": 7450508,
        "price": "0.00597600",
        "qty": "170.00000000",
        "quoteQty": "1.01592000",
        "time": 1629983309099,
        "isBuyerMaker": true,
        "isBestMatch": true
    },
    {
        "id": 7450509,
        "price": "0.00597500",
        "qty": "174.90000000",
        "quoteQty": "1.04502750",
        "time": 1629983309127,
        "isBuyerMaker": true,
        "isBestMatch": true
    },
    {
        "id": 7450510,
        "price": "0.00598600",
        "qty": "50.20000000",
        "quoteQty": "0.30049720",
        "time": 1629983329442,
        "isBuyerMaker": false,
        "isBestMatch": true
    },
    {
        "id": 7450511,
        "price": "0.00597700",
        "qty": "289.00000000",
        "quoteQty": "1.72735300",
        "time": 1629983329717,
        "isBuyerMaker": true,
        "isBestMatch": true
    },
    {
        "id": 7450512,
        "price": "0.00598600",
        "qty": "50.00000000",
        "quoteQty": "0.29930000",
        "time": 1629983333268,
        "isBuyerMaker": false,
        "isBestMatch": true
    },
    {
        "id": 7450513,
        "price": "0.00598700",
        "qty": "154.80000000",
        "quoteQty": "0.92678760",
        "time": 1629983336468,
        "isBuyerMaker": false,
        "isBestMatch": true
    },
    {
        "id": 7450514,
        "price": "0.00599200",
        "qty": "73.00000000",
        "quoteQty": "0.43741600",
        "time": 1629983337166,
        "isBuyerMaker": false,
        "isBestMatch": true
    },
    {
        "id": 7450515,
        "price": "0.00599900",
        "qty": "11.60000000",
        "quoteQty": "0.06958840",
        "time": 1629983337625,
        "isBuyerMaker": false,
        "isBestMatch": true
    },
    {
        "id": 7450516,
        "price": "0.00598700",
        "qty": "154.80000000",
        "quoteQty": "0.92678760",
        "time": 1629983338116,
        "isBuyerMaker": true,
        "isBestMatch": true
    },
    {
        "id": 7450517,
        "price": "0.00599200",
        "qty": "73.00000000",
        "quoteQty": "0.43741600",
        "time": 1629983338129,
        "isBuyerMaker": false,
        "isBestMatch": true
    },
    {
        "id": 7450518,
        "price": "0.00599400",
        "qty": "152.00000000",
        "quoteQty": "0.91108800",
        "time": 1629983340240,
        "isBuyerMaker": false,
        "isBestMatch": true
    },
    {
        "id": 7450519,
        "price": "0.00598900",
        "qty": "170.00000000",
        "quoteQty": "1.01813000",
        "time": 1629983341668,
        "isBuyerMaker": true,
        "isBestMatch": true
    },
    {
        "id": 7450520,
        "price": "0.00598800",
        "qty": "50.00000000",
        "quoteQty": "0.29940000",
        "time": 1629983341668,
        "isBuyerMaker": true,
        "isBestMatch": true
    },
    {
        "id": 7450521,
        "price": "0.00598700",
        "qty": "15.20000000",
        "quoteQty": "0.09100240",
        "time": 1629983341668,
        "isBuyerMaker": true,
        "isBestMatch": true
    },
    {
        "id": 7450522,
        "price": "0.00598700",
        "qty": "326.00000000",
        "quoteQty": "1.95176200",
        "time": 1629983341668,
        "isBuyerMaker": true,
        "isBestMatch": true
    },
    {
        "id": 7450523,
        "price": "0.00599400",
        "qty": "37.70000000",
        "quoteQty": "0.22597380",
        "time": 1629983351590,
        "isBuyerMaker": false,
        "isBestMatch": true
    },
    {
        "id": 7450524,
        "price": "0.00599400",
        "qty": "114.30000000",
        "quoteQty": "0.68511420",
        "time": 1629983351681,
        "isBuyerMaker": false,
        "isBestMatch": true
    },
    {
        "id": 7450525,
        "price": "0.00600000",
        "qty": "205.40000000",
        "quoteQty": "1.23240000",
        "time": 1629983354180,
        "isBuyerMaker": false,
        "isBestMatch": true
    },
    {
        "id": 7450526,
        "price": "0.00600300",
        "qty": "178.20000000",
        "quoteQty": "1.06973460",
        "time": 1629983358702,
        "isBuyerMaker": false,
        "isBestMatch": true
    },
    {
        "id": 7450527,
        "price": "0.00599000",
        "qty": "212.00000000",
        "quoteQty": "1.26988000",
        "time": 1629983374722,
        "isBuyerMaker": true,
        "isBestMatch": true
    },
    {
        "id": 7450528,
        "price": "0.00599000",
        "qty": "128.00000000",
        "quoteQty": "0.76672000",
        "time": 1629983384138,
        "isBuyerMaker": true,
        "isBestMatch": true
    },
    {
        "id": 7450529,
        "price": "0.00599000",
        "qty": "44.00000000",
        "quoteQty": "0.26356000",
        "time": 1629983385305,
        "isBuyerMaker": true,
        "isBestMatch": true
    },
    {
        "id": 7450530,
        "price": "0.00598600",
        "qty": "170.00000000",
        "quoteQty": "1.01762000",
        "time": 1629983408108,
        "isBuyerMaker": true,
        "isBestMatch": true
    },
    {
        "id": 7450531,
        "price": "0.00598500",
        "qty": "173.70000000",
        "quoteQty": "1.03959450",
        "time": 1629983408115,
        "isBuyerMaker": true,
        "isBestMatch": true
    },
    {
        "id": 7450532,
        "price": "0.00598500",
        "qty": "86.50000000",
        "quoteQty": "0.51770250",
        "time": 1629983408115,
        "isBuyerMaker": true,
        "isBestMatch": true
    },
    {
        "id": 7450533,
        "price": "0.00599700",
        "qty": "187.30000000",
        "quoteQty": "1.12323810",
        "time": 1629983437892,
        "isBuyerMaker": false,
        "isBestMatch": true
    },
    {
        "id": 7450534,
        "price": "0.00600000",
        "qty": "199.20000000",
        "quoteQty": "1.19520000",
        "time": 1629983443835,
        "isBuyerMaker": false,
        "isBestMatch": true
    },
    {
        "id": 7450535,
        "price": "0.00599000",
        "qty": "144.00000000",
        "quoteQty": "0.86256000",
        "time": 1629983452371,
        "isBuyerMaker": true,
        "isBestMatch": true
    },
    {
        "id": 7450536,
        "price": "0.00599900",
        "qty": "46.00000000",
        "quoteQty": "0.27595400",
        "time": 1629983454195,
        "isBuyerMaker": false,
        "isBestMatch": true
    },
    {
        "id": 7450537,
        "price": "0.00599100",
        "qty": "41.00000000",
        "quoteQty": "0.24563100",
        "time": 1629983455930,
        "isBuyerMaker": true,
        "isBestMatch": true
    },
    {
        "id": 7450538,
        "price": "0.00599000",
        "qty": "21.00000000",
        "quoteQty": "0.12579000",
        "time": 1629983462656,
        "isBuyerMaker": true,
        "isBestMatch": true
    },
    {
        "id": 7450539,
        "price": "0.00598700",
        "qty": "161.60000000",
        "quoteQty": "0.96749920",
        "time": 1629983491165,
        "isBuyerMaker": true,
        "isBestMatch": true
    },
    {
        "id": 7450540,
        "price": "0.00598600",
        "qty": "8.60000000",
        "quoteQty": "0.05147960",
        "time": 1629983502703,
        "isBuyerMaker": true,
        "isBestMatch": true
    },
    {
        "id": 7450541,
        "price": "0.00598600",
        "qty": "45.10000000",
        "quoteQty": "0.26996860",
        "time": 1629983502705,
        "isBuyerMaker": true,
        "isBestMatch": true
    },
    {
        "id": 7450542,
        "price": "0.00598200",
        "qty": "54.00000000",
        "quoteQty": "0.32302800",
        "time": 1629983505478,
        "isBuyerMaker": true,
        "isBestMatch": true
    },
    {
        "id": 7450543,
        "price": "0.00598200",
        "qty": "192.80000000",
        "quoteQty": "1.15332960",
        "time": 1629983511213,
        "isBuyerMaker": true,
        "isBestMatch": true
    },
    {
        "id": 7450544,
        "price": "0.00598200",
        "qty": "7.20000000",
        "quoteQty": "0.04307040",
        "time": 1629983511213,
        "isBuyerMaker": true,
        "isBestMatch": true
    },
    {
        "id": 7450545,
        "price": "0.00598100",
        "qty": "144.30000000",
        "quoteQty": "0.86305830",
        "time": 1629983524145,
        "isBuyerMaker": true,
        "isBestMatch": true
    },
    {
        "id": 7450546,
        "price": "0.00598100",
        "qty": "144.30000000",
        "quoteQty": "0.86305830",
        "time": 1629983526083,
        "isBuyerMaker": true,
        "isBestMatch": true
    },
    {
        "id": 7450547,
        "price": "0.00597600",
        "qty": "170.00000000",
        "quoteQty": "1.01592000",
        "time": 1629983528472,
        "isBuyerMaker": true,
        "isBestMatch": true
    },
    {
        "id": 7450548,
        "price": "0.00597500",
        "qty": "238.10000000",
        "quoteQty": "1.42264750",
        "time": 1629983528478,
        "isBuyerMaker": true,
        "isBestMatch": true
    },
    {
        "id": 7450549,
        "price": "0.00597200",
        "qty": "170.00000000",
        "quoteQty": "1.01524000",
        "time": 1629983528478,
        "isBuyerMaker": true,
        "isBestMatch": true
    },
    {
        "id": 7450550,
        "price": "0.00597700",
        "qty": "170.00000000",
        "quoteQty": "1.01609000",
        "time": 1629983528497,
        "isBuyerMaker": true,
        "isBestMatch": true
    },
    {
        "id": 7450551,
        "price": "0.00597300",
        "qty": "138.20000000",
        "quoteQty": "0.82546860",
        "time": 1629983536794,
        "isBuyerMaker": true,
        "isBestMatch": true
    },
    {
        "id": 7450552,
        "price": "0.00597300",
        "qty": "138.20000000",
        "quoteQty": "0.82546860",
        "time": 1629983539072,
        "isBuyerMaker": true,
        "isBestMatch": true
    },
    {
        "id": 7450553,
        "price": "0.00597300",
        "qty": "50.00000000",
        "quoteQty": "0.29865000",
        "time": 1629983544344,
        "isBuyerMaker": false,
        "isBestMatch": true
    },
    {
        "id": 7450554,
        "price": "0.00596800",
        "qty": "17.50000000",
        "quoteQty": "0.10444000",
        "time": 1629983565120,
        "isBuyerMaker": true,
        "isBestMatch": true
    },
    {
        "id": 7450555,
        "price": "0.00596700",
        "qty": "50.20000000",
        "quoteQty": "0.29954340",
        "time": 1629983577254,
        "isBuyerMaker": true,
        "isBestMatch": true
    },
    {
        "id": 7450556,
        "price": "0.00596600",
        "qty": "261.00000000",
        "quoteQty": "1.55712600",
        "time": 1629983577308,
        "isBuyerMaker": true,
        "isBestMatch": true
    },
    {
        "id": 7450557,
        "price": "0.00596600",
        "qty": "0.10000000",
        "quoteQty": "0.00059660",
        "time": 1629983577308,
        "isBuyerMaker": true,
        "isBestMatch": true
    },
    {
        "id": 7450558,
        "price": "0.00596500",
        "qty": "248.90000000",
        "quoteQty": "1.48468850",
        "time": 1629983577308,
        "isBuyerMaker": true,
        "isBestMatch": true
    },
    {
        "id": 7450559,
        "price": "0.00596500",
        "qty": "95.40000000",
        "quoteQty": "0.56906100",
        "time": 1629983577418,
        "isBuyerMaker": true,
        "isBestMatch": true
    },
    {
        "id": 7450560,
        "price": "0.00596300",
        "qty": "8.40000000",
        "quoteQty": "0.05008920",
        "time": 1629983578106,
        "isBuyerMaker": true,
        "isBestMatch": true
    },
    {
        "id": 7450561,
        "price": "0.00596500",
        "qty": "95.00000000",
        "quoteQty": "0.56667500",
        "time": 1629983578475,
        "isBuyerMaker": false,
        "isBestMatch": true
    },
    {
        "id": 7450562,
        "price": "0.00596100",
        "qty": "17.60000000",
        "quoteQty": "0.10491360",
        "time": 1629983583603,
        "isBuyerMaker": true,
        "isBestMatch": true
    },
    {
        "id": 7450563,
        "price": "0.00595900",
        "qty": "32.00000000",
        "quoteQty": "0.19068800",
        "time": 1629983583603,
        "isBuyerMaker": true,
        "isBestMatch": true
    },
    {
        "id": 7450564,
        "price": "0.00595800",
        "qty": "236.90000000",
        "quoteQty": "1.41145020",
        "time": 1629983583603,
        "isBuyerMaker": true,
        "isBestMatch": true
    },
    {
        "id": 7450565,
        "price": "0.00595300",
        "qty": "22.70000000",
        "quoteQty": "0.13513310",
        "time": 1629983583603,
        "isBuyerMaker": true,
        "isBestMatch": true
    },
    {
        "id": 7450566,
        "price": "0.00595100",
        "qty": "426.80000000",
        "quoteQty": "2.53988680",
        "time": 1629983583603,
        "isBuyerMaker": true,
        "isBestMatch": true
    },
    {
        "id": 7450567,
        "price": "0.00594900",
        "qty": "17.60000000",
        "quoteQty": "0.10470240",
        "time": 1629983583603,
        "isBuyerMaker": true,
        "isBestMatch": true
    },
    {
        "id": 7450568,
        "price": "0.00594900",
        "qty": "16.90000000",
        "quoteQty": "0.10053810",
        "time": 1629983583603,
        "isBuyerMaker": true,
        "isBestMatch": true
    },
    {
        "id": 7450569,
        "price": "0.00594900",
        "qty": "447.50000000",
        "quoteQty": "2.66217750",
        "time": 1629983583603,
        "isBuyerMaker": true,
        "isBestMatch": true
    },
    {
        "id": 7450570,
        "price": "0.00594800",
        "qty": "12.00000000",
        "quoteQty": "0.07137600",
        "time": 1629983583603,
        "isBuyerMaker": true,
        "isBestMatch": true
    },
    {
        "id": 7450571,
        "price": "0.00594800",
        "qty": "9.00000000",
        "quoteQty": "0.05353200",
        "time": 1629983583603,
        "isBuyerMaker": true,
        "isBestMatch": true
    },
    {
        "id": 7450572,
        "price": "0.00594600",
        "qty": "261.90000000",
        "quoteQty": "1.55725740",
        "time": 1629983583603,
        "isBuyerMaker": true,
        "isBestMatch": true
    },
    {
        "id": 7450573,
        "price": "0.00594600",
        "qty": "475.80000000",
        "quoteQty": "2.82910680",
        "time": 1629983583603,
        "isBuyerMaker": true,
        "isBestMatch": true
    },
    {
        "id": 7450574,
        "price": "0.00594300",
        "qty": "1658.60000000",
        "quoteQty": "9.85705980",
        "time": 1629983583603,
        "isBuyerMaker": true,
        "isBestMatch": true
    },
    {
        "id": 7450575,
        "price": "0.00594300",
        "qty": "227.40000000",
        "quoteQty": "1.35143820",
        "time": 1629983583603,
        "isBuyerMaker": true,
        "isBestMatch": true
    },
    {
        "id": 7450576,
        "price": "0.00594300",
        "qty": "919.60000000",
        "quoteQty": "5.46518280",
        "time": 1629983583603,
        "isBuyerMaker": true,
        "isBestMatch": true
    },
    {
        "id": 7450577,
        "price": "0.00594200",
        "qty": "16.80000000",
        "quoteQty": "0.09982560",
        "time": 1629983583603,
        "isBuyerMaker": true,
        "isBestMatch": true
    },
    {
        "id": 7450578,
        "price": "0.00594200",
        "qty": "25.90000000",
        "quoteQty": "0.15389780",
        "time": 1629983583603,
        "isBuyerMaker": true,
        "isBestMatch": true
    },
    {
        "id": 7450579,
        "price": "0.00594100",
        "qty": "1229.00000000",
        "quoteQty": "7.30148900",
        "time": 1629983583603,
        "isBuyerMaker": true,
        "isBestMatch": true
    },
    {
        "id": 7450580,
        "price": "0.00594000",
        "qty": "63.00000000",
        "quoteQty": "0.37422000",
        "time": 1629983583603,
        "isBuyerMaker": true,
        "isBestMatch": true
    },
    {
        "id": 7450581,
        "price": "0.00594000",
        "qty": "18.00000000",
        "quoteQty": "0.10692000",
        "time": 1629983583603,
        "isBuyerMaker": true,
        "isBestMatch": true
    },
    {
        "id": 7450582,
        "price": "0.00593900",
        "qty": "22.50000000",
        "quoteQty": "0.13362750",
        "time": 1629983583603,
        "isBuyerMaker": true,
        "isBestMatch": true
    },
    {
        "id": 7450583,
        "price": "0.00593800",
        "qty": "1113.10000000",
        "quoteQty": "6.60958780",
        "time": 1629983583603,
        "isBuyerMaker": true,
        "isBestMatch": true
    },
    {
        "id": 7450584,
        "price": "0.00593800",
        "qty": "375.50000000",
        "quoteQty": "2.22971900",
        "time": 1629983583603,
        "isBuyerMaker": true,
        "isBestMatch": true
    },
    {
        "id": 7450585,
        "price": "0.00593600",
        "qty": "10.00000000",
        "quoteQty": "0.05936000",
        "time": 1629983583603,
        "isBuyerMaker": true,
        "isBestMatch": true
    },
    {
        "id": 7450586,
        "price": "0.00593500",
        "qty": "17.70000000",
        "quoteQty": "0.10504950",
        "time": 1629983583603,
        "isBuyerMaker": true,
        "isBestMatch": true
    },
    {
        "id": 7450587,
        "price": "0.00593300",
        "qty": "163.00000000",
        "quoteQty": "0.96707900",
        "time": 1629983583603,
        "isBuyerMaker": true,
        "isBestMatch": true
    },
    {
        "id": 7450588,
        "price": "0.00593200",
        "qty": "140.00000000",
        "quoteQty": "0.83048000",
        "time": 1629983583603,
        "isBuyerMaker": true,
        "isBestMatch": true
    },
    {
        "id": 7450589,
        "price": "0.00593000",
        "qty": "17.60000000",
        "quoteQty": "0.10436800",
        "time": 1629983583603,
        "isBuyerMaker": true,
        "isBestMatch": true
    },
    {
        "id": 7450590,
        "price": "0.00593000",
        "qty": "147.00000000",
        "quoteQty": "0.87171000",
        "time": 1629983583603,
        "isBuyerMaker": true,
        "isBestMatch": true
    },
    {
        "id": 7450591,
        "price": "0.00592600",
        "qty": "84.00000000",
        "quoteQty": "0.49778400",
        "time": 1629983583603,
        "isBuyerMaker": true,
        "isBestMatch": true
    },
    {
        "id": 7450592,
        "price": "0.00592500",
        "qty": "262.90000000",
        "quoteQty": "1.55768250",
        "time": 1629983583603,
        "isBuyerMaker": true,
        "isBestMatch": true
    },
    {
        "id": 7450593,
        "price": "0.00592500",
        "qty": "23.00000000",
        "quoteQty": "0.13627500",
        "time": 1629983583603,
        "isBuyerMaker": true,
        "isBestMatch": true
    },
    {
        "id": 7450594,
        "price": "0.00592400",
        "qty": "2394.60000000",
        "quoteQty": "14.18561040",
        "time": 1629983583603,
        "isBuyerMaker": true,
        "isBestMatch": true
    },
    {
        "id": 7450595,
        "price": "0.00592400",
        "qty": "3635.30000000",
        "quoteQty": "21.53551720",
        "time": 1629983583603,
        "isBuyerMaker": true,
        "isBestMatch": true
    },
    {
        "id": 7450596,
        "price": "0.00592400",
        "qty": "3635.30000000",
        "quoteQty": "21.53551720",
        "time": 1629983583603,
        "isBuyerMaker": true,
        "isBestMatch": true
    },
    {
        "id": 7450597,
        "price": "0.00592400",
        "qty": "3635.30000000",
        "quoteQty": "21.53551720",
        "time": 1629983583603,
        "isBuyerMaker": true,
        "isBestMatch": true
    },
    {
        "id": 7450598,
        "price": "0.00592400",
        "qty": "1391.30000000",
        "quoteQty": "8.24206120",
        "time": 1629983583603,
        "isBuyerMaker": true,
        "isBestMatch": true
    },
    {
        "id": 7450599,
        "price": "0.00592000",
        "qty": "23.80000000",
        "quoteQty": "0.14089600",
        "time": 1629983583603,
        "isBuyerMaker": true,
        "isBestMatch": true
    },
    {
        "id": 7450600,
        "price": "0.00591700",
        "qty": "9.00000000",
        "quoteQty": "0.05325300",
        "time": 1629983583603,
        "isBuyerMaker": true,
        "isBestMatch": true
    },
    {
        "id": 7450601,
        "price": "0.00591700",
        "qty": "338.00000000",
        "quoteQty": "1.99994600",
        "time": 1629983583603,
        "isBuyerMaker": true,
        "isBestMatch": true
    },
    {
        "id": 7450602,
        "price": "0.00591300",
        "qty": "16.90000000",
        "quoteQty": "0.09992970",
        "time": 1629983583603,
        "isBuyerMaker": true,
        "isBestMatch": true
    },
    {
        "id": 7450603,
        "price": "0.00591300",
        "qty": "32.00000000",
        "quoteQty": "0.18921600",
        "time": 1629983583603,
        "isBuyerMaker": true,
        "isBestMatch": true
    },
    {
        "id": 7450604,
        "price": "0.00591300",
        "qty": "16.40000000",
        "quoteQty": "0.09697320",
        "time": 1629983583603,
        "isBuyerMaker": true,
        "isBestMatch": true
    },
    {
        "id": 7450605,
        "price": "0.00591200",
        "qty": "12.00000000",
        "quoteQty": "0.07094400",
        "time": 1629983583603,
        "isBuyerMaker": true,
        "isBestMatch": true
    },
    {
        "id": 7450606,
        "price": "0.00591100",
        "qty": "17.70000000",
        "quoteQty": "0.10462470",
        "time": 1629983583603,
        "isBuyerMaker": true,
        "isBestMatch": true
    },
    {
        "id": 7450607,
        "price": "0.00591100",
        "qty": "26.00000000",
        "quoteQty": "0.15368600",
        "time": 1629983583603,
        "isBuyerMaker": true,
        "isBestMatch": true
    },
    {
        "id": 7450608,
        "price": "0.00591100",
        "qty": "22.80000000",
        "quoteQty": "0.13477080",
        "time": 1629983583603,
        "isBuyerMaker": true,
        "isBestMatch": true
    },
    {
        "id": 7450609,
        "price": "0.00591100",
        "qty": "11.70000000",
        "quoteQty": "0.06915870",
        "time": 1629983583603,
        "isBuyerMaker": true,
        "isBestMatch": true
    },
    {
        "id": 7450610,
        "price": "0.00591000",
        "qty": "22.60000000",
        "quoteQty": "0.13356600",
        "time": 1629983583603,
        "isBuyerMaker": true,
        "isBestMatch": true
    },
    {
        "id": 7450611,
        "price": "0.00590900",
        "qty": "17.80000000",
        "quoteQty": "0.10518020",
        "time": 1629983583603,
        "isBuyerMaker": true,
        "isBestMatch": true
    },
    {
        "id": 7450612,
        "price": "0.00590900",
        "qty": "21.00000000",
        "quoteQty": "0.12408900",
        "time": 1629983583603,
        "isBuyerMaker": true,
        "isBestMatch": true
    },
    {
        "id": 7450613,
        "price": "0.00590800",
        "qty": "17.00000000",
        "quoteQty": "0.10043600",
        "time": 1629983583603,
        "isBuyerMaker": true,
        "isBestMatch": true
    },
    {
        "id": 7450614,
        "price": "0.00590700",
        "qty": "1639.30000000",
        "quoteQty": "9.68334510",
        "time": 1629983583603,
        "isBuyerMaker": true,
        "isBestMatch": true
    },
    {
        "id": 7450615,
        "price": "0.00590700",
        "qty": "3635.30000000",
        "quoteQty": "21.47371710",
        "time": 1629983583603,
        "isBuyerMaker": true,
        "isBestMatch": true
    },
    {
        "id": 7450616,
        "price": "0.00590700",
        "qty": "806.90000000",
        "quoteQty": "4.76635830",
        "time": 1629983583603,
        "isBuyerMaker": true,
        "isBestMatch": true
    },
    {
        "id": 7450617,
        "price": "0.00590500",
        "qty": "263.80000000",
        "quoteQty": "1.55773900",
        "time": 1629983583603,
        "isBuyerMaker": true,
        "isBestMatch": true
    },
    {
        "id": 7450618,
        "price": "0.00590500",
        "qty": "17.40000000",
        "quoteQty": "0.10274700",
        "time": 1629983583603,
        "isBuyerMaker": true,
        "isBestMatch": true
    },
    {
        "id": 7450619,
        "price": "0.00590000",
        "qty": "24.90000000",
        "quoteQty": "0.14691000",
        "time": 1629983583603,
        "isBuyerMaker": true,
        "isBestMatch": true
    },
    {
        "id": 7450620,
        "price": "0.00589900",
        "qty": "68.00000000",
        "quoteQty": "0.40113200",
        "time": 1629983583603,
        "isBuyerMaker": true,
        "isBestMatch": true
    },
    {
        "id": 7450621,
        "price": "0.00589900",
        "qty": "43.00000000",
        "quoteQty": "0.25365700",
        "time": 1629983583603,
        "isBuyerMaker": true,
        "isBestMatch": true
    },
    {
        "id": 7450622,
        "price": "0.00589900",
        "qty": "339.00000000",
        "quoteQty": "1.99976100",
        "time": 1629983583603,
        "isBuyerMaker": true,
        "isBestMatch": true
    },
    {
        "id": 7450623,
        "price": "0.00589800",
        "qty": "300.00000000",
        "quoteQty": "1.76940000",
        "time": 1629983583603,
        "isBuyerMaker": true,
        "isBestMatch": true
    },
    {
        "id": 7450624,
        "price": "0.00589700",
        "qty": "16.90000000",
        "quoteQty": "0.09965930",
        "time": 1629983583603,
        "isBuyerMaker": true,
        "isBestMatch": true
    },
    {
        "id": 7450625,
        "price": "0.00589500",
        "qty": "9.00000000",
        "quoteQty": "0.05305500",
        "time": 1629983583603,
        "isBuyerMaker": true,
        "isBestMatch": true
    },
    {
        "id": 7450626,
        "price": "0.00589500",
        "qty": "17.80000000",
        "quoteQty": "0.10493100",
        "time": 1629983583603,
        "isBuyerMaker": true,
        "isBestMatch": true
    },
    {
        "id": 7450627,
        "price": "0.00589200",
        "qty": "17.70000000",
        "quoteQty": "0.10428840",
        "time": 1629983583603,
        "isBuyerMaker": true,
        "isBestMatch": true
    },
    {
        "id": 7450628,
        "price": "0.00589100",
        "qty": "84.90000000",
        "quoteQty": "0.50014590",
        "time": 1629983583603,
        "isBuyerMaker": true,
        "isBestMatch": true
    },
    {
        "id": 7450629,
        "price": "0.00588900",
        "qty": "18.10000000",
        "quoteQty": "0.10659090",
        "time": 1629983583603,
        "isBuyerMaker": true,
        "isBestMatch": true
    },
    {
        "id": 7450630,
        "price": "0.00588700",
        "qty": "1607.90000000",
        "quoteQty": "9.46570730",
        "time": 1629983583603,
        "isBuyerMaker": true,
        "isBestMatch": true
    },
    {
        "id": 7450631,
        "price": "0.00588700",
        "qty": "3635.30000000",
        "quoteQty": "21.40101110",
        "time": 1629983583603,
        "isBuyerMaker": true,
        "isBestMatch": true
    },
    {
        "id": 7450632,
        "price": "0.00594300",
        "qty": "107.00000000",
        "quoteQty": "0.63590100",
        "time": 1629983583628,
        "isBuyerMaker": true,
        "isBestMatch": true
    },
    {
        "id": 7450633,
        "price": "0.00593800",
        "qty": "13.10000000",
        "quoteQty": "0.07778780",
        "time": 1629983583628,
        "isBuyerMaker": true,
        "isBestMatch": true
    },
    {
        "id": 7450634,
        "price": "0.00593800",
        "qty": "2610.60000000",
        "quoteQty": "15.50174280",
        "time": 1629983583628,
        "isBuyerMaker": true,
        "isBestMatch": true
    },
    {
        "id": 7450635,
        "price": "0.00594400",
        "qty": "170.00000000",
        "quoteQty": "1.01048000",
        "time": 1629983583634,
        "isBuyerMaker": true,
        "isBestMatch": true
    },
    {
        "id": 7450636,
        "price": "0.00593900",
        "qty": "170.00000000",
        "quoteQty": "1.00963000",
        "time": 1629983583634,
        "isBuyerMaker": true,
        "isBestMatch": true
    },
    {
        "id": 7450637,
        "price": "0.00594300",
        "qty": "73.00000000",
        "quoteQty": "0.43383900",
        "time": 1629983583637,
        "isBuyerMaker": true,
        "isBestMatch": true
    },
    {
        "id": 7450638,
        "price": "0.00594300",
        "qty": "267.20000000",
        "quoteQty": "1.58796960",
        "time": 1629983583643,
        "isBuyerMaker": true,
        "isBestMatch": true
    },
    {
        "id": 7450639,
        "price": "0.00591500",
        "qty": "1481.50000000",
        "quoteQty": "8.76307250",
        "time": 1629983583644,
        "isBuyerMaker": true,
        "isBestMatch": true
    },
    {
        "id": 7450640,
        "price": "0.00591500",
        "qty": "1036.80000000",
        "quoteQty": "6.13267200",
        "time": 1629983583648,
        "isBuyerMaker": true,
        "isBestMatch": true
    },
    {
        "id": 7450641,
        "price": "0.00591500",
        "qty": "170.00000000",
        "quoteQty": "1.00555000",
        "time": 1629983583648,
        "isBuyerMaker": true,
        "isBestMatch": true
    },
    {
        "id": 7450642,
        "price": "0.00591500",
        "qty": "170.00000000",
        "quoteQty": "1.00555000",
        "time": 1629983583693,
        "isBuyerMaker": true,
        "isBestMatch": true
    },
    {
        "id": 7450643,
        "price": "0.00591600",
        "qty": "40.00000000",
        "quoteQty": "0.23664000",
        "time": 1629983583730,
        "isBuyerMaker": true,
        "isBestMatch": true
    },
    {
        "id": 7450644,
        "price": "0.00591600",
        "qty": "130.00000000",
        "quoteQty": "0.76908000",
        "time": 1629983583898,
        "isBuyerMaker": true,
        "isBestMatch": true
    },
    {
        "id": 7450645,
        "price": "0.00593100",
        "qty": "181.00000000",
        "quoteQty": "1.07351100",
        "time": 1629983584168,
        "isBuyerMaker": false,
        "isBestMatch": true
    },
    {
        "id": 7450646,
        "price": "0.00594600",
        "qty": "484.00000000",
        "quoteQty": "2.87786400",
        "time": 1629983584168,
        "isBuyerMaker": false,
        "isBestMatch": true
    },
    {
        "id": 7450647,
        "price": "0.00592000",
        "qty": "706.80000000",
        "quoteQty": "4.18425600",
        "time": 1629983590174,
        "isBuyerMaker": false,
        "isBestMatch": true
    },
    {
        "id": 7450648,
        "price": "0.00592200",
        "qty": "17.70000000",
        "quoteQty": "0.10481940",
        "time": 1629983590215,
        "isBuyerMaker": false,
        "isBestMatch": true
    },
    {
        "id": 7450649,
        "price": "0.00592400",
        "qty": "332.50000000",
        "quoteQty": "1.96973000",
        "time": 1629983590227,
        "isBuyerMaker": false,
        "isBestMatch": true
    },
    {
        "id": 7450650,
        "price": "0.00593000",
        "qty": "17.60000000",
        "quoteQty": "0.10436800",
        "time": 1629983590876,
        "isBuyerMaker": false,
        "isBestMatch": true
    },
    {
        "id": 7450651,
        "price": "0.00593600",
        "qty": "263.80000000",
        "quoteQty": "1.56591680",
        "time": 1629983590876,
        "isBuyerMaker": false,
        "isBestMatch": true
    },
    {
        "id": 7450652,
        "price": "0.00593600",
        "qty": "485.90000000",
        "quoteQty": "2.88430240",
        "time": 1629983590876,
        "isBuyerMaker": false,
        "isBestMatch": true
    },
    {
        "id": 7450653,
        "price": "0.00593800",
        "qty": "71.80000000",
        "quoteQty": "0.42634840",
        "time": 1629983590876,
        "isBuyerMaker": false,
        "isBestMatch": true
    },
    {
        "id": 7450654,
        "price": "0.00594100",
        "qty": "17.70000000",
        "quoteQty": "0.10515570",
        "time": 1629983590876,
        "isBuyerMaker": false,
        "isBestMatch": true
    },
    {
        "id": 7450655,
        "price": "0.00594100",
        "qty": "50.20000000",
        "quoteQty": "0.29823820",
        "time": 1629983590876,
        "isBuyerMaker": false,
        "isBestMatch": true
    },
    {
        "id": 7450656,
        "price": "0.00594100",
        "qty": "364.10000000",
        "quoteQty": "2.16311810",
        "time": 1629983590876,
        "isBuyerMaker": false,
        "isBestMatch": true
    },
    {
        "id": 7450657,
        "price": "0.00594200",
        "qty": "75.30000000",
        "quoteQty": "0.44743260",
        "time": 1629983590876,
        "isBuyerMaker": false,
        "isBestMatch": true
    },
    {
        "id": 7450658,
        "price": "0.00591600",
        "qty": "23.60000000",
        "quoteQty": "0.13961760",
        "time": 1629983593305,
        "isBuyerMaker": true,
        "isBestMatch": true
    },
    {
        "id": 7450659,
        "price": "0.00591600",
        "qty": "138.30000000",
        "quoteQty": "0.81818280",
        "time": 1629983593305,
        "isBuyerMaker": true,
        "isBestMatch": true
    },
    {
        "id": 7450660,
        "price": "0.00591800",
        "qty": "84.40000000",
        "quoteQty": "0.49947920",
        "time": 1629983597963,
        "isBuyerMaker": true,
        "isBestMatch": true
    },
    {
        "id": 7450661,
        "price": "0.00591800",
        "qty": "50.60000000",
        "quoteQty": "0.29945080",
        "time": 1629983597963,
        "isBuyerMaker": true,
        "isBestMatch": true
    },
    {
        "id": 7450662,
        "price": "0.00591600",
        "qty": "161.90000000",
        "quoteQty": "0.95780040",
        "time": 1629983598438,
        "isBuyerMaker": true,
        "isBestMatch": true
    },
    {
        "id": 7450663,
        "price": "0.00591200",
        "qty": "61.20000000",
        "quoteQty": "0.36181440",
        "time": 1629983608155,
        "isBuyerMaker": true,
        "isBestMatch": true
    },
    {
        "id": 7450664,
        "price": "0.00592000",
        "qty": "11.70000000",
        "quoteQty": "0.06926400",
        "time": 1629983610735,
        "isBuyerMaker": false,
        "isBestMatch": true
    },
    {
        "id": 7450665,
        "price": "0.00592400",
        "qty": "11.00000000",
        "quoteQty": "0.06516400",
        "time": 1629983622028,
        "isBuyerMaker": false,
        "isBestMatch": true
    },
    {
        "id": 7450666,
        "price": "0.00592200",
        "qty": "170.00000000",
        "quoteQty": "1.00674000",
        "time": 1629983629594,
        "isBuyerMaker": false,
        "isBestMatch": true
    },
    {
        "id": 7450667,
        "price": "0.00592300",
        "qty": "50.60000000",
        "quoteQty": "0.29970380",
        "time": 1629983629704,
        "isBuyerMaker": false,
        "isBestMatch": true
    },
    {
        "id": 7450668,
        "price": "0.00592400",
        "qty": "84.40000000",
        "quoteQty": "0.49998560",
        "time": 1629983629721,
        "isBuyerMaker": false,
        "isBestMatch": true
    },
    {
        "id": 7450669,
        "price": "0.00592500",
        "qty": "297.90000000",
        "quoteQty": "1.76505750",
        "time": 1629983629730,
        "isBuyerMaker": false,
        "isBestMatch": true
    },
    {
        "id": 7450670,
        "price": "0.00592500",
        "qty": "38.80000000",
        "quoteQty": "0.22989000",
        "time": 1629983648353,
        "isBuyerMaker": false,
        "isBestMatch": true
    },
    {
        "id": 7450671,
        "price": "0.00592500",
        "qty": "313.20000000",
        "quoteQty": "1.85571000",
        "time": 1629983649138,
        "isBuyerMaker": false,
        "isBestMatch": true
    },
    {
        "id": 7450672,
        "price": "0.00592500",
        "qty": "1175.40000000",
        "quoteQty": "6.96424500",
        "time": 1629983649148,
        "isBuyerMaker": false,
        "isBestMatch": true
    },
    {
        "id": 7450673,
        "price": "0.00592700",
        "qty": "1488.60000000",
        "quoteQty": "8.82293220",
        "time": 1629983650624,
        "isBuyerMaker": false,
        "isBestMatch": true
    },
    {
        "id": 7450674,
        "price": "0.00593000",
        "qty": "362.60000000",
        "quoteQty": "2.15021800",
        "time": 1629983652053,
        "isBuyerMaker": false,
        "isBestMatch": true
    },
    {
        "id": 7450675,
        "price": "0.00593000",
        "qty": "144.90000000",
        "quoteQty": "0.85925700",
        "time": 1629983652053,
        "isBuyerMaker": false,
        "isBestMatch": true
    },
    {
        "id": 7450676,
        "price": "0.00592600",
        "qty": "1488.60000000",
        "quoteQty": "8.82144360",
        "time": 1629983652498,
        "isBuyerMaker": false,
        "isBestMatch": true
    },
    {
        "id": 7450677,
        "price": "0.00592300",
        "qty": "809.00000000",
        "quoteQty": "4.79170700",
        "time": 1629983654209,
        "isBuyerMaker": true,
        "isBestMatch": true
    },
    {
        "id": 7450678,
        "price": "0.00592300",
        "qty": "679.60000000",
        "quoteQty": "4.02527080",
        "time": 1629983654218,
        "isBuyerMaker": false,
        "isBestMatch": true
    },
    {
        "id": 7450679,
        "price": "0.00592400",
        "qty": "34.70000000",
        "quoteQty": "0.20556280",
        "time": 1629983654688,
        "isBuyerMaker": false,
        "isBestMatch": true
    },
    {
        "id": 7450680,
        "price": "0.00592400",
        "qty": "1453.90000000",
        "quoteQty": "8.61290360",
        "time": 1629983654700,
        "isBuyerMaker": false,
        "isBestMatch": true
    },
    {
        "id": 7450681,
        "price": "0.00592300",
        "qty": "1488.60000000",
        "quoteQty": "8.81697780",
        "time": 1629983656812,
        "isBuyerMaker": false,
        "isBestMatch": true
    },
    {
        "id": 7450682,
        "price": "0.00592300",
        "qty": "170.00000000",
        "quoteQty": "1.00691000",
        "time": 1629983656812,
        "isBuyerMaker": false,
        "isBestMatch": true
    },
    {
        "id": 7450683,
        "price": "0.00592300",
        "qty": "1488.60000000",
        "quoteQty": "8.81697780",
        "time": 1629983658302,
        "isBuyerMaker": false,
        "isBestMatch": true
    },
    {
        "id": 7450684,
        "price": "0.00592200",
        "qty": "1488.60000000",
        "quoteQty": "8.81548920",
        "time": 1629983659417,
        "isBuyerMaker": false,
        "isBestMatch": true
    },
    {
        "id": 7450685,
        "price": "0.00592700",
        "qty": "232.00000000",
        "quoteQty": "1.37506400",
        "time": 1629983659745,
        "isBuyerMaker": false,
        "isBestMatch": true
    },
    {
        "id": 7450686,
        "price": "0.00592800",
        "qty": "885.70000000",
        "quoteQty": "5.25042960",
        "time": 1629983660592,
        "isBuyerMaker": false,
        "isBestMatch": true
    },
    {
        "id": 7450687,
        "price": "0.00592800",
        "qty": "27.80000000",
        "quoteQty": "0.16479840",
        "time": 1629983660698,
        "isBuyerMaker": false,
        "isBestMatch": true
    },
    {
        "id": 7450688,
        "price": "0.00592800",
        "qty": "575.10000000",
        "quoteQty": "3.40919280",
        "time": 1629983661240,
        "isBuyerMaker": false,
        "isBestMatch": true
    },
    {
        "id": 7450689,
        "price": "0.00593200",
        "qty": "149.00000000",
        "quoteQty": "0.88386800",
        "time": 1629983666252,
        "isBuyerMaker": false,
        "isBestMatch": true
    },
    {
        "id": 7450690,
        "price": "0.00593200",
        "qty": "149.00000000",
        "quoteQty": "0.88386800",
        "time": 1629983668584,
        "isBuyerMaker": false,
        "isBestMatch": true
    },
    {
        "id": 7450691,
        "price": "0.00593800",
        "qty": "1488.60000000",
        "quoteQty": "8.83930680",
        "time": 1629983685794,
        "isBuyerMaker": false,
        "isBestMatch": true
    },
    {
        "id": 7450692,
        "price": "0.00594000",
        "qty": "343.00000000",
        "quoteQty": "2.03742000",
        "time": 1629983685888,
        "isBuyerMaker": false,
        "isBestMatch": true
    },
    {
        "id": 7450693,
        "price": "0.00594300",
        "qty": "644.50000000",
        "quoteQty": "3.83026350",
        "time": 1629983705857,
        "isBuyerMaker": false,
        "isBestMatch": true
    },
    {
        "id": 7450694,
        "price": "0.00594300",
        "qty": "185.50000000",
        "quoteQty": "1.10242650",
        "time": 1629983707322,
        "isBuyerMaker": false,
        "isBestMatch": true
    },
    {
        "id": 7450695,
        "price": "0.00594500",
        "qty": "8.50000000",
        "quoteQty": "0.05053250",
        "time": 1629983713224,
        "isBuyerMaker": false,
        "isBestMatch": true
    },
    {
        "id": 7450696,
        "price": "0.00594500",
        "qty": "9.30000000",
        "quoteQty": "0.05528850",
        "time": 1629983732256,
        "isBuyerMaker": false,
        "isBestMatch": true
    },
    {
        "id": 7450697,
        "price": "0.00594600",
        "qty": "481.50000000",
        "quoteQty": "2.86299900",
        "time": 1629983733349,
        "isBuyerMaker": false,
        "isBestMatch": true
    },
    {
        "id": 7450698,
        "price": "0.00594700",
        "qty": "210.50000000",
        "quoteQty": "1.25184350",
        "time": 1629983733349,
        "isBuyerMaker": false,
        "isBestMatch": true
    },
    {
        "id": 7450699,
        "price": "0.00594800",
        "qty": "9.00000000",
        "quoteQty": "0.05353200",
        "time": 1629983742188,
        "isBuyerMaker": false,
        "isBestMatch": true
    },
    {
        "id": 7450700,
        "price": "0.00594800",
        "qty": "12.00000000",
        "quoteQty": "0.07137600",
        "time": 1629983742188,
        "isBuyerMaker": false,
        "isBestMatch": true
    },
    {
        "id": 7450701,
        "price": "0.00594800",
        "qty": "295.00000000",
        "quoteQty": "1.75466000",
        "time": 1629983742188,
        "isBuyerMaker": false,
        "isBestMatch": true
    },
    {
        "id": 7450702,
        "price": "0.00595100",
        "qty": "22.60000000",
        "quoteQty": "0.13449260",
        "time": 1629983747762,
        "isBuyerMaker": false,
        "isBestMatch": true
    },
    {
        "id": 7450703,
        "price": "0.00595100",
        "qty": "18.10000000",
        "quoteQty": "0.10771310",
        "time": 1629983747762,
        "isBuyerMaker": false,
        "isBestMatch": true
    },
    {
        "id": 7450704,
        "price": "0.00595100",
        "qty": "1488.60000000",
        "quoteQty": "8.85865860",
        "time": 1629983747762,
        "isBuyerMaker": false,
        "isBestMatch": true
    },
    {
        "id": 7450705,
        "price": "0.00595100",
        "qty": "266.60000000",
        "quoteQty": "1.58653660",
        "time": 1629983747762,
        "isBuyerMaker": false,
        "isBestMatch": true
    },
    {
        "id": 7450706,
        "price": "0.00595400",
        "qty": "16.90000000",
        "quoteQty": "0.10062260",
        "time": 1629983763340,
        "isBuyerMaker": false,
        "isBestMatch": true
    },
    {
        "id": 7450707,
        "price": "0.00595400",
        "qty": "26.00000000",
        "quoteQty": "0.15480400",
        "time": 1629983763340,
        "isBuyerMaker": false,
        "isBestMatch": true
    },
    {
        "id": 7450708,
        "price": "0.00595400",
        "qty": "267.00000000",
        "quoteQty": "1.58971800",
        "time": 1629983763340,
        "isBuyerMaker": false,
        "isBestMatch": true
    },
    {
        "id": 7450709,
        "price": "0.00594700",
        "qty": "170.00000000",
        "quoteQty": "1.01099000",
        "time": 1629983768133,
        "isBuyerMaker": true,
        "isBestMatch": true
    },
    {
        "id": 7450710,
        "price": "0.00594600",
        "qty": "50.40000000",
        "quoteQty": "0.29967840",
        "time": 1629983768224,
        "isBuyerMaker": true,
        "isBestMatch": true
    },
    {
        "id": 7450711,
        "price": "0.00594500",
        "qty": "170.00000000",
        "quoteQty": "1.01065000",
        "time": 1629983770979,
        "isBuyerMaker": true,
        "isBestMatch": true
    },
    {
        "id": 7450712,
        "price": "0.00594400",
        "qty": "170.00000000",
        "quoteQty": "1.01048000",
        "time": 1629983770981,
        "isBuyerMaker": true,
        "isBestMatch": true
    },
    {
        "id": 7450713,
        "price": "0.00594400",
        "qty": "100.30000000",
        "quoteQty": "0.59618320",
        "time": 1629983771080,
        "isBuyerMaker": true,
        "isBestMatch": true
    },
    {
        "id": 7450714,
        "price": "0.00594200",
        "qty": "160.90000000",
        "quoteQty": "0.95606780",
        "time": 1629983782542,
        "isBuyerMaker": true,
        "isBestMatch": true
    },
    {
        "id": 7450715,
        "price": "0.00594200",
        "qty": "160.90000000",
        "quoteQty": "0.95606780",
        "time": 1629983791493,
        "isBuyerMaker": true,
        "isBestMatch": true
    },
    {
        "id": 7450716,
        "price": "0.00594200",
        "qty": "13.80000000",
        "quoteQty": "0.08199960",
        "time": 1629983797300,
        "isBuyerMaker": false,
        "isBestMatch": true
    },
    {
        "id": 7450717,
        "price": "0.00594600",
        "qty": "50.40000000",
        "quoteQty": "0.29967840",
        "time": 1629983797865,
        "isBuyerMaker": false,
        "isBestMatch": true
    },
    {
        "id": 7450718,
        "price": "0.00594300",
        "qty": "84.00000000",
        "quoteQty": "0.49921200",
        "time": 1629983814617,
        "isBuyerMaker": true,
        "isBestMatch": true
    },
    {
        "id": 7450719,
        "price": "0.00594100",
        "qty": "50.40000000",
        "quoteQty": "0.29942640",
        "time": 1629983814664,
        "isBuyerMaker": true,
        "isBestMatch": true
    },
    {
        "id": 7450720,
        "price": "0.00593700",
        "qty": "171.00000000",
        "quoteQty": "1.01522700",
        "time": 1629983822937,
        "isBuyerMaker": true,
        "isBestMatch": true
    },
    {
        "id": 7450721,
        "price": "0.00593500",
        "qty": "154.00000000",
        "quoteQty": "0.91399000",
        "time": 1629983824880,
        "isBuyerMaker": true,
        "isBestMatch": true
    },
    {
        "id": 7450722,
        "price": "0.00593500",
        "qty": "154.00000000",
        "quoteQty": "0.91399000",
        "time": 1629983826618,
        "isBuyerMaker": true,
        "isBestMatch": true
    },
    {
        "id": 7450723,
        "price": "0.00594300",
        "qty": "301.10000000",
        "quoteQty": "1.78943730",
        "time": 1629983835856,
        "isBuyerMaker": false,
        "isBestMatch": true
    },
    {
        "id": 7450724,
        "price": "0.00594300",
        "qty": "50.40000000",
        "quoteQty": "0.29952720",
        "time": 1629983835856,
        "isBuyerMaker": false,
        "isBestMatch": true
    },
    {
        "id": 7450725,
        "price": "0.00593800",
        "qty": "50.40000000",
        "quoteQty": "0.29927520",
        "time": 1629983858353,
        "isBuyerMaker": true,
        "isBestMatch": true
    },
    {
        "id": 7450726,
        "price": "0.00593300",
        "qty": "188.60000000",
        "quoteQty": "1.11896380",
        "time": 1629983873118,
        "isBuyerMaker": true,
        "isBestMatch": true
    },
    {
        "id": 7450727,
        "price": "0.00593500",
        "qty": "170.00000000",
        "quoteQty": "1.00895000",
        "time": 1629983890095,
        "isBuyerMaker": true,
        "isBestMatch": true
    },
    {
        "id": 7450728,
        "price": "0.00593200",
        "qty": "154.00000000",
        "quoteQty": "0.91352800",
        "time": 1629983895242,
        "isBuyerMaker": true,
        "isBestMatch": true
    },
    {
        "id": 7450729,
        "price": "0.00593200",
        "qty": "0.50000000",
        "quoteQty": "0.00296600",
        "time": 1629983895398,
        "isBuyerMaker": true,
        "isBestMatch": true
    },
    {
        "id": 7450730,
        "price": "0.00592700",
        "qty": "151.20000000",
        "quoteQty": "0.89616240",
        "time": 1629983895851,
        "isBuyerMaker": true,
        "isBestMatch": true
    },
    {
        "id": 7450731,
        "price": "0.00592700",
        "qty": "167.00000000",
        "quoteQty": "0.98980900",
        "time": 1629983899081,
        "isBuyerMaker": true,
        "isBestMatch": true
    },
    {
        "id": 7450732,
        "price": "0.00592700",
        "qty": "0.40000000",
        "quoteQty": "0.00237080",
        "time": 1629983899464,
        "isBuyerMaker": true,
        "isBestMatch": true
    },
    {
        "id": 7450733,
        "price": "0.00592400",
        "qty": "186.60000000",
        "quoteQty": "1.10541840",
        "time": 1629983901073,
        "isBuyerMaker": true,
        "isBestMatch": true
    },
    {
        "id": 7450734,
        "price": "0.00592100",
        "qty": "190.20000000",
        "quoteQty": "1.12617420",
        "time": 1629983903403,
        "isBuyerMaker": true,
        "isBestMatch": true
    },
    {
        "id": 7450735,
        "price": "0.00592100",
        "qty": "170.00000000",
        "quoteQty": "1.00657000",
        "time": 1629983903403,
        "isBuyerMaker": true,
        "isBestMatch": true
    },
    {
        "id": 7450736,
        "price": "0.00591800",
        "qty": "193.90000000",
        "quoteQty": "1.14750020",
        "time": 1629983909633,
        "isBuyerMaker": true,
        "isBestMatch": true
    },
    {
        "id": 7450737,
        "price": "0.00591500",
        "qty": "227.30000000",
        "quoteQty": "1.34447950",
        "time": 1629983912409,
        "isBuyerMaker": true,
        "isBestMatch": true
    },
    {
        "id": 7450738,
        "price": "0.00591300",
        "qty": "16.90000000",
        "quoteQty": "0.09992970",
        "time": 1629983913112,
        "isBuyerMaker": true,
        "isBestMatch": true
    },
    {
        "id": 7450739,
        "price": "0.00591300",
        "qty": "170.00000000",
        "quoteQty": "1.00521000",
        "time": 1629983913112,
        "isBuyerMaker": true,
        "isBestMatch": true
    },
    {
        "id": 7450740,
        "price": "0.00591200",
        "qty": "12.00000000",
        "quoteQty": "0.07094400",
        "time": 1629983915029,
        "isBuyerMaker": true,
        "isBestMatch": true
    },
    {
        "id": 7450741,
        "price": "0.00591100",
        "qty": "17.70000000",
        "quoteQty": "0.10462470",
        "time": 1629983915080,
        "isBuyerMaker": true,
        "isBestMatch": true
    },
    {
        "id": 7450742,
        "price": "0.00591100",
        "qty": "26.00000000",
        "quoteQty": "0.15368600",
        "time": 1629983915080,
        "isBuyerMaker": true,
        "isBestMatch": true
    },
    {
        "id": 7450743,
        "price": "0.00591100",
        "qty": "297.90000000",
        "quoteQty": "1.76088690",
        "time": 1629983915080,
        "isBuyerMaker": true,
        "isBestMatch": true
    },
    {
        "id": 7450744,
        "price": "0.00591000",
        "qty": "22.60000000",
        "quoteQty": "0.13356600",
        "time": 1629983915089,
        "isBuyerMaker": true,
        "isBestMatch": true
    },
    {
        "id": 7450745,
        "price": "0.00590900",
        "qty": "17.80000000",
        "quoteQty": "0.10518020",
        "time": 1629983915377,
        "isBuyerMaker": true,
        "isBestMatch": true
    },
    {
        "id": 7450746,
        "price": "0.00590700",
        "qty": "230.40000000",
        "quoteQty": "1.36097280",
        "time": 1629983918071,
        "isBuyerMaker": true,
        "isBestMatch": true
    },
    {
        "id": 7450747,
        "price": "0.00590700",
        "qty": "170.00000000",
        "quoteQty": "1.00419000",
        "time": 1629983918071,
        "isBuyerMaker": true,
        "isBestMatch": true
    },
    {
        "id": 7450748,
        "price": "0.00590500",
        "qty": "263.80000000",
        "quoteQty": "1.55773900",
        "time": 1629983918781,
        "isBuyerMaker": true,
        "isBestMatch": true
    },
    {
        "id": 7450749,
        "price": "0.00590500",
        "qty": "137.00000000",
        "quoteQty": "0.80898500",
        "time": 1629983921816,
        "isBuyerMaker": true,
        "isBestMatch": true
    },
    {
        "id": 7450750,
        "price": "0.00591500",
        "qty": "156.30000000",
        "quoteQty": "0.92451450",
        "time": 1629983939616,
        "isBuyerMaker": false,
        "isBestMatch": true
    },
    {
        "id": 7450751,
        "price": "0.00591800",
        "qty": "84.00000000",
        "quoteQty": "0.49711200",
        "time": 1629983939659,
        "isBuyerMaker": false,
        "isBestMatch": true
    },
    {
        "id": 7450752,
        "price": "0.00592000",
        "qty": "50.40000000",
        "quoteQty": "0.29836800",
        "time": 1629983939692,
        "isBuyerMaker": false,
        "isBestMatch": true
    },
    {
        "id": 7450753,
        "price": "0.00591500",
        "qty": "156.30000000",
        "quoteQty": "0.92451450",
        "time": 1629983940806,
        "isBuyerMaker": false,
        "isBestMatch": true
    },
    {
        "id": 7450754,
        "price": "0.00592500",
        "qty": "33.10000000",
        "quoteQty": "0.19611750",
        "time": 1629983940869,
        "isBuyerMaker": false,
        "isBestMatch": true
    },
    {
        "id": 7450755,
        "price": "0.00592100",
        "qty": "231.80000000",
        "quoteQty": "1.37248780",
        "time": 1629983942933,
        "isBuyerMaker": false,
        "isBestMatch": true
    },
    {
        "id": 7450756,
        "price": "0.00592200",
        "qty": "152.70000000",
        "quoteQty": "0.90428940",
        "time": 1629983946161,
        "isBuyerMaker": false,
        "isBestMatch": true
    },
    {
        "id": 7450757,
        "price": "0.00592200",
        "qty": "152.70000000",
        "quoteQty": "0.90428940",
        "time": 1629983948057,
        "isBuyerMaker": false,
        "isBestMatch": true
    },
    {
        "id": 7450758,
        "price": "0.00592700",
        "qty": "163.80000000",
        "quoteQty": "0.97084260",
        "time": 1629983951641,
        "isBuyerMaker": false,
        "isBestMatch": true
    },
    {
        "id": 7450759,
        "price": "0.00592700",
        "qty": "203.60000000",
        "quoteQty": "1.20673720",
        "time": 1629983992787,
        "isBuyerMaker": false,
        "isBestMatch": true
    },
    {
        "id": 7450760,
        "price": "0.00593000",
        "qty": "301.10000000",
        "quoteQty": "1.78552300",
        "time": 1629983996059,
        "isBuyerMaker": false,
        "isBestMatch": true
    },
    {
        "id": 7450761,
        "price": "0.00592200",
        "qty": "50.00000000",
        "quoteQty": "0.29610000",
        "time": 1629984000396,
        "isBuyerMaker": true,
        "isBestMatch": true
    },
    {
        "id": 7450762,
        "price": "0.00592000",
        "qty": "315.30000000",
        "quoteQty": "1.86657600",
        "time": 1629984001498,
        "isBuyerMaker": true,
        "isBestMatch": true
    },
    {
        "id": 7450763,
        "price": "0.00591300",
        "qty": "302.90000000",
        "quoteQty": "1.79104770",
        "time": 1629984013169,
        "isBuyerMaker": true,
        "isBestMatch": true
    },
    {
        "id": 7450764,
        "price": "0.00591000",
        "qty": "209.60000000",
        "quoteQty": "1.23873600",
        "time": 1629984030459,
        "isBuyerMaker": true,
        "isBestMatch": true
    },
    {
        "id": 7450765,
        "price": "0.00592500",
        "qty": "255.10000000",
        "quoteQty": "1.51146750",
        "time": 1629984072759,
        "isBuyerMaker": false,
        "isBestMatch": true
    },
    {
        "id": 7450766,
        "price": "0.00592500",
        "qty": "50.00000000",
        "quoteQty": "0.29625000",
        "time": 1629984072759,
        "isBuyerMaker": false,
        "isBestMatch": true
    },
    {
        "id": 7450767,
        "price": "0.00592900",
        "qty": "270.60000000",
        "quoteQty": "1.60438740",
        "time": 1629984076603,
        "isBuyerMaker": false,
        "isBestMatch": true
    },
    {
        "id": 7450768,
        "price": "0.00593000",
        "qty": "302.40000000",
        "quoteQty": "1.79323200",
        "time": 1629984080424,
        "isBuyerMaker": false,
        "isBestMatch": true
    },
    {
        "id": 7450769,
        "price": "0.00592100",
        "qty": "177.50000000",
        "quoteQty": "1.05097750",
        "time": 1629984112985,
        "isBuyerMaker": true,
        "isBestMatch": true
    },
    {
        "id": 7450770,
        "price": "0.00593300",
        "qty": "170.00000000",
        "quoteQty": "1.00861000",
        "time": 1629984125068,
        "isBuyerMaker": false,
        "isBestMatch": true
    },
    {
        "id": 7450771,
        "price": "0.00593500",
        "qty": "205.00000000",
        "quoteQty": "1.21667500",
        "time": 1629984127292,
        "isBuyerMaker": false,
        "isBestMatch": true
    },
    {
        "id": 7450772,
        "price": "0.00593600",
        "qty": "263.80000000",
        "quoteQty": "1.56591680",
        "time": 1629984128092,
        "isBuyerMaker": false,
        "isBestMatch": true
    },
    {
        "id": 7450773,
        "price": "0.00593700",
        "qty": "154.40000000",
        "quoteQty": "0.91667280",
        "time": 1629984129619,
        "isBuyerMaker": false,
        "isBestMatch": true
    },
    {
        "id": 7450774,
        "price": "0.00592900",
        "qty": "50.50000000",
        "quoteQty": "0.29941450",
        "time": 1629984133552,
        "isBuyerMaker": true,
        "isBestMatch": true
    },
    {
        "id": 7450775,
        "price": "0.00592900",
        "qty": "83.50000000",
        "quoteQty": "0.49507150",
        "time": 1629984133552,
        "isBuyerMaker": true,
        "isBestMatch": true
    },
    {
        "id": 7450776,
        "price": "0.00592900",
        "qty": "0.70000000",
        "quoteQty": "0.00415030",
        "time": 1629984133553,
        "isBuyerMaker": true,
        "isBestMatch": true
    },
    {
        "id": 7450777,
        "price": "0.00593100",
        "qty": "170.00000000",
        "quoteQty": "1.00827000",
        "time": 1629984141408,
        "isBuyerMaker": false,
        "isBestMatch": true
    },
    {
        "id": 7450778,
        "price": "0.00593300",
        "qty": "170.00000000",
        "quoteQty": "1.00861000",
        "time": 1629984150449,
        "isBuyerMaker": false,
        "isBestMatch": true
    },
    {
        "id": 7450779,
        "price": "0.00593600",
        "qty": "84.20000000",
        "quoteQty": "0.49981120",
        "time": 1629984151228,
        "isBuyerMaker": false,
        "isBestMatch": true
    },
    {
        "id": 7450780,
        "price": "0.00593700",
        "qty": "154.40000000",
        "quoteQty": "0.91667280",
        "time": 1629984168371,
        "isBuyerMaker": false,
        "isBestMatch": true
    },
    {
        "id": 7450781,
        "price": "0.00594100",
        "qty": "17.70000000",
        "quoteQty": "0.10515570",
        "time": 1629984171254,
        "isBuyerMaker": false,
        "isBestMatch": true
    },
    {
        "id": 7450782,
        "price": "0.00594300",
        "qty": "219.40000000",
        "quoteQty": "1.30389420",
        "time": 1629984172348,
        "isBuyerMaker": false,
        "isBestMatch": true
    },
    {
        "id": 7450783,
        "price": "0.00594500",
        "qty": "8.40000000",
        "quoteQty": "0.04993800",
        "time": 1629984175175,
        "isBuyerMaker": false,
        "isBestMatch": true
    },
    {
        "id": 7450784,
        "price": "0.00594500",
        "qty": "9.40000000",
        "quoteQty": "0.05588300",
        "time": 1629984181085,
        "isBuyerMaker": false,
        "isBestMatch": true
    },
    {
        "id": 7450785,
        "price": "0.00594500",
        "qty": "150.50000000",
        "quoteQty": "0.89472250",
        "time": 1629984181085,
        "isBuyerMaker": false,
        "isBestMatch": true
    },
    {
        "id": 7450786,
        "price": "0.00594500",
        "qty": "150.50000000",
        "quoteQty": "0.89472250",
        "time": 1629984187863,
        "isBuyerMaker": false,
        "isBestMatch": true
    },
    {
        "id": 7450787,
        "price": "0.00594100",
        "qty": "170.00000000",
        "quoteQty": "1.00997000",
        "time": 1629984197121,
        "isBuyerMaker": true,
        "isBestMatch": true
    },
    {
        "id": 7450788,
        "price": "0.00594800",
        "qty": "12.00000000",
        "quoteQty": "0.07137600",
        "time": 1629984201080,
        "isBuyerMaker": false,
        "isBestMatch": true
    },
    {
        "id": 7450789,
        "price": "0.00595100",
        "qty": "22.60000000",
        "quoteQty": "0.13449260",
        "time": 1629984207606,
        "isBuyerMaker": false,
        "isBestMatch": true
    },
    {
        "id": 7450790,
        "price": "0.00595100",
        "qty": "50.50000000",
        "quoteQty": "0.30052550",
        "time": 1629984207606,
        "isBuyerMaker": false,
        "isBestMatch": true
    },
    {
        "id": 7450791,
        "price": "0.00595300",
        "qty": "339.00000000",
        "quoteQty": "2.01806700",
        "time": 1629984213327,
        "isBuyerMaker": false,
        "isBestMatch": true
    },
    {
        "id": 7450792,
        "price": "0.00595400",
        "qty": "16.90000000",
        "quoteQty": "0.10062260",
        "time": 1629984213368,
        "isBuyerMaker": false,
        "isBestMatch": true
    },
    {
        "id": 7450793,
        "price": "0.00595400",
        "qty": "26.00000000",
        "quoteQty": "0.15480400",
        "time": 1629984213368,
        "isBuyerMaker": false,
        "isBestMatch": true
    },
    {
        "id": 7450794,
        "price": "0.00595500",
        "qty": "16.40000000",
        "quoteQty": "0.09766200",
        "time": 1629984213914,
        "isBuyerMaker": false,
        "isBestMatch": true
    },
    {
        "id": 7450795,
        "price": "0.00595700",
        "qty": "262.90000000",
        "quoteQty": "1.56609530",
        "time": 1629984214512,
        "isBuyerMaker": false,
        "isBestMatch": true
    },
    {
        "id": 7450796,
        "price": "0.00595900",
        "qty": "32.00000000",
        "quoteQty": "0.19068800",
        "time": 1629984214589,
        "isBuyerMaker": false,
        "isBestMatch": true
    },
    {
        "id": 7450797,
        "price": "0.00596000",
        "qty": "17.00000000",
        "quoteQty": "0.10132000",
        "time": 1629984214765,
        "isBuyerMaker": false,
        "isBestMatch": true
    },
    {
        "id": 7450798,
        "price": "0.00596000",
        "qty": "17.60000000",
        "quoteQty": "0.10489600",
        "time": 1629984214765,
        "isBuyerMaker": false,
        "isBestMatch": true
    },
    {
        "id": 7450799,
        "price": "0.00595500",
        "qty": "155.60000000",
        "quoteQty": "0.92659800",
        "time": 1629984214985,
        "isBuyerMaker": false,
        "isBestMatch": true
    },
    {
        "id": 7450800,
        "price": "0.00596000",
        "qty": "79.60000000",
        "quoteQty": "0.47441600",
        "time": 1629984215393,
        "isBuyerMaker": false,
        "isBestMatch": true
    },
    {
        "id": 7450801,
        "price": "0.00596500",
        "qty": "16.90000000",
        "quoteQty": "0.10080850",
        "time": 1629984216427,
        "isBuyerMaker": false,
        "isBestMatch": true
    },
    {
        "id": 7450802,
        "price": "0.00596500",
        "qty": "22.80000000",
        "quoteQty": "0.13600200",
        "time": 1629984216427,
        "isBuyerMaker": false,
        "isBestMatch": true
    },
    {
        "id": 7450803,
        "price": "0.00596500",
        "qty": "388.20000000",
        "quoteQty": "2.31561300",
        "time": 1629984216427,
        "isBuyerMaker": false,
        "isBestMatch": true
    },
    {
        "id": 7450804,
        "price": "0.00596100",
        "qty": "38.10000000",
        "quoteQty": "0.22711410",
        "time": 1629984216941,
        "isBuyerMaker": true,
        "isBestMatch": true
    },
    {
        "id": 7450805,
        "price": "0.00595100",
        "qty": "170.00000000",
        "quoteQty": "1.01167000",
        "time": 1629984217013,
        "isBuyerMaker": true,
        "isBestMatch": true
    },
    {
        "id": 7450806,
        "price": "0.00594900",
        "qty": "170.00000000",
        "quoteQty": "1.01133000",
        "time": 1629984217013,
        "isBuyerMaker": true,
        "isBestMatch": true
    },
    {
        "id": 7450807,
        "price": "0.00594900",
        "qty": "20.00000000",
        "quoteQty": "0.11898000",
        "time": 1629984217013,
        "isBuyerMaker": true,
        "isBestMatch": true
    },
    {
        "id": 7450808,
        "price": "0.00594700",
        "qty": "14.00000000",
        "quoteQty": "0.08325800",
        "time": 1629984220392,
        "isBuyerMaker": true,
        "isBestMatch": true
    },
    {
        "id": 7450809,
        "price": "0.00594700",
        "qty": "16.30000000",
        "quoteQty": "0.09693610",
        "time": 1629984220951,
        "isBuyerMaker": true,
        "isBestMatch": true
    },
    {
        "id": 7450810,
        "price": "0.00594700",
        "qty": "12.60000000",
        "quoteQty": "0.07493220",
        "time": 1629984220951,
        "isBuyerMaker": true,
        "isBestMatch": true
    },
    {
        "id": 7450811,
        "price": "0.00594700",
        "qty": "71.40000000",
        "quoteQty": "0.42461580",
        "time": 1629984221474,
        "isBuyerMaker": true,
        "isBestMatch": true
    },
    {
        "id": 7450812,
        "price": "0.00594600",
        "qty": "304.50000000",
        "quoteQty": "1.81055700",
        "time": 1629984222401,
        "isBuyerMaker": true,
        "isBestMatch": true
    },
    {
        "id": 7450813,
        "price": "0.00595200",
        "qty": "50.30000000",
        "quoteQty": "0.29938560",
        "time": 1629984236113,
        "isBuyerMaker": false,
        "isBestMatch": true
    },
    {
        "id": 7450814,
        "price": "0.00595200",
        "qty": "84.00000000",
        "quoteQty": "0.49996800",
        "time": 1629984236113,
        "isBuyerMaker": false,
        "isBestMatch": true
    },
    {
        "id": 7450815,
        "price": "0.00595700",
        "qty": "36.90000000",
        "quoteQty": "0.21981330",
        "time": 1629984239462,
        "isBuyerMaker": false,
        "isBestMatch": true
    },
    {
        "id": 7450816,
        "price": "0.00595700",
        "qty": "169.10000000",
        "quoteQty": "1.00732870",
        "time": 1629984239463,
        "isBuyerMaker": false,
        "isBestMatch": true
    },
    {
        "id": 7450817,
        "price": "0.00596100",
        "qty": "38.40000000",
        "quoteQty": "0.22890240",
        "time": 1629984264237,
        "isBuyerMaker": false,
        "isBestMatch": true
    },
    {
        "id": 7450818,
        "price": "0.00596100",
        "qty": "311.10000000",
        "quoteQty": "1.85446710",
        "time": 1629984269477,
        "isBuyerMaker": false,
        "isBestMatch": true
    },
    {
        "id": 7450819,
        "price": "0.00596100",
        "qty": "38.30000000",
        "quoteQty": "0.22830630",
        "time": 1629984269477,
        "isBuyerMaker": false,
        "isBestMatch": true
    },
    {
        "id": 7450820,
        "price": "0.00595800",
        "qty": "50.30000000",
        "quoteQty": "0.29968740",
        "time": 1629984275591,
        "isBuyerMaker": true,
        "isBestMatch": true
    },
    {
        "id": 7450821,
        "price": "0.00595800",
        "qty": "83.80000000",
        "quoteQty": "0.49928040",
        "time": 1629984275591,
        "isBuyerMaker": true,
        "isBestMatch": true
    },
    {
        "id": 7450822,
        "price": "0.00595200",
        "qty": "178.00000000",
        "quoteQty": "1.05945600",
        "time": 1629984292664,
        "isBuyerMaker": true,
        "isBestMatch": true
    },
    {
        "id": 7450823,
        "price": "0.00595600",
        "qty": "170.00000000",
        "quoteQty": "1.01252000",
        "time": 1629984307463,
        "isBuyerMaker": false,
        "isBestMatch": true
    },
    {
        "id": 7450824,
        "price": "0.00595800",
        "qty": "68.40000000",
        "quoteQty": "0.40752720",
        "time": 1629984307474,
        "isBuyerMaker": false,
        "isBestMatch": true
    },
    {
        "id": 7450825,
        "price": "0.00596000",
        "qty": "83.80000000",
        "quoteQty": "0.49944800",
        "time": 1629984307485,
        "isBuyerMaker": false,
        "isBestMatch": true
    },
    {
        "id": 7450826,
        "price": "0.00596000",
        "qty": "50.30000000",
        "quoteQty": "0.29978800",
        "time": 1629984307485,
        "isBuyerMaker": false,
        "isBestMatch": true
    },
    {
        "id": 7450827,
        "price": "0.00596100",
        "qty": "157.50000000",
        "quoteQty": "0.93885750",
        "time": 1629984307587,
        "isBuyerMaker": false,
        "isBestMatch": true
    },
    {
        "id": 7450828,
        "price": "0.00596600",
        "qty": "86.60000000",
        "quoteQty": "0.51665560",
        "time": 1629984307987,
        "isBuyerMaker": false,
        "isBestMatch": true
    },
    {
        "id": 7450829,
        "price": "0.00596100",
        "qty": "157.50000000",
        "quoteQty": "0.93885750",
        "time": 1629984308935,
        "isBuyerMaker": false,
        "isBestMatch": true
    },
    {
        "id": 7450830,
        "price": "0.00595700",
        "qty": "170.00000000",
        "quoteQty": "1.01269000",
        "time": 1629984324206,
        "isBuyerMaker": true,
        "isBestMatch": true
    },
    {
        "id": 7450831,
        "price": "0.00595600",
        "qty": "50.00000000",
        "quoteQty": "0.29780000",
        "time": 1629984325522,
        "isBuyerMaker": true,
        "isBestMatch": true
    },
    {
        "id": 7450832,
        "price": "0.00595600",
        "qty": "0.30000000",
        "quoteQty": "0.00178680",
        "time": 1629984325526,
        "isBuyerMaker": true,
        "isBestMatch": true
    },
    {
        "id": 7450833,
        "price": "0.00595500",
        "qty": "234.70000000",
        "quoteQty": "1.39763850",
        "time": 1629984325526,
        "isBuyerMaker": true,
        "isBestMatch": true
    },
    {
        "id": 7450834,
        "price": "0.00595500",
        "qty": "0.40000000",
        "quoteQty": "0.00238200",
        "time": 1629984326152,
        "isBuyerMaker": true,
        "isBestMatch": true
    },
    {
        "id": 7450835,
        "price": "0.00595000",
        "qty": "36.10000000",
        "quoteQty": "0.21479500",
        "time": 1629984328287,
        "isBuyerMaker": true,
        "isBestMatch": true
    },
    {
        "id": 7450836,
        "price": "0.00595000",
        "qty": "148.00000000",
        "quoteQty": "0.88060000",
        "time": 1629984328357,
        "isBuyerMaker": true,
        "isBestMatch": true
    },
    {
        "id": 7450837,
        "price": "0.00595100",
        "qty": "143.90000000",
        "quoteQty": "0.85634890",
        "time": 1629984330349,
        "isBuyerMaker": true,
        "isBestMatch": true
    },
    {
        "id": 7450838,
        "price": "0.00595000",
        "qty": "143.90000000",
        "quoteQty": "0.85620500",
        "time": 1629984330889,
        "isBuyerMaker": true,
        "isBestMatch": true
    },
    {
        "id": 7450839,
        "price": "0.00595000",
        "qty": "143.00000000",
        "quoteQty": "0.85085000",
        "time": 1629984332949,
        "isBuyerMaker": true,
        "isBestMatch": true
    },
    {
        "id": 7450840,
        "price": "0.00595000",
        "qty": "0.90000000",
        "quoteQty": "0.00535500",
        "time": 1629984333078,
        "isBuyerMaker": true,
        "isBestMatch": true
    },
    {
        "id": 7450841,
        "price": "0.00594500",
        "qty": "170.00000000",
        "quoteQty": "1.01065000",
        "time": 1629984333866,
        "isBuyerMaker": true,
        "isBestMatch": true
    },
    {
        "id": 7450842,
        "price": "0.00594500",
        "qty": "170.00000000",
        "quoteQty": "1.01065000",
        "time": 1629984334210,
        "isBuyerMaker": true,
        "isBestMatch": true
    },
    {
        "id": 7450843,
        "price": "0.00594200",
        "qty": "355.70000000",
        "quoteQty": "2.11356940",
        "time": 1629984334812,
        "isBuyerMaker": true,
        "isBestMatch": true
    },
    {
        "id": 7450844,
        "price": "0.00594200",
        "qty": "170.00000000",
        "quoteQty": "1.01014000",
        "time": 1629984334812,
        "isBuyerMaker": true,
        "isBestMatch": true
    },
    {
        "id": 7450845,
        "price": "0.00593800",
        "qty": "170.00000000",
        "quoteQty": "1.00946000",
        "time": 1629984335257,
        "isBuyerMaker": true,
        "isBestMatch": true
    },
    {
        "id": 7450846,
        "price": "0.00593700",
        "qty": "84.00000000",
        "quoteQty": "0.49870800",
        "time": 1629984335292,
        "isBuyerMaker": true,
        "isBestMatch": true
    },
    {
        "id": 7450847,
        "price": "0.00593700",
        "qty": "293.10000000",
        "quoteQty": "1.74013470",
        "time": 1629984337796,
        "isBuyerMaker": true,
        "isBestMatch": true
    },
    {
        "id": 7450848,
        "price": "0.00593100",
        "qty": "74.30000000",
        "quoteQty": "0.44067330",
        "time": 1629984340958,
        "isBuyerMaker": true,
        "isBestMatch": true
    },
    {
        "id": 7450849,
        "price": "0.00593200",
        "qty": "15.10000000",
        "quoteQty": "0.08957320",
        "time": 1629984386357,
        "isBuyerMaker": true,
        "isBestMatch": true
    },
    {
        "id": 7450850,
        "price": "0.00594500",
        "qty": "84.00000000",
        "quoteQty": "0.49938000",
        "time": 1629984439454,
        "isBuyerMaker": false,
        "isBestMatch": true
    },
    {
        "id": 7450851,
        "price": "0.00594600",
        "qty": "147.00000000",
        "quoteQty": "0.87406200",
        "time": 1629984444935,
        "isBuyerMaker": false,
        "isBestMatch": true
    },
    {
        "id": 7450852,
        "price": "0.00595100",
        "qty": "50.30000000",
        "quoteQty": "0.29933530",
        "time": 1629984445340,
        "isBuyerMaker": false,
        "isBestMatch": true
    },
    {
        "id": 7450853,
        "price": "0.00594600",
        "qty": "147.00000000",
        "quoteQty": "0.87406200",
        "time": 1629984446140,
        "isBuyerMaker": false,
        "isBestMatch": true
    },
    {
        "id": 7450854,
        "price": "0.00594800",
        "qty": "170.00000000",
        "quoteQty": "1.01116000",
        "time": 1629984455128,
        "isBuyerMaker": false,
        "isBestMatch": true
    },
    {
        "id": 7450855,
        "price": "0.00594900",
        "qty": "137.50000000",
        "quoteQty": "0.81798750",
        "time": 1629984455143,
        "isBuyerMaker": false,
        "isBestMatch": true
    },
    {
        "id": 7450856,
        "price": "0.00594900",
        "qty": "137.50000000",
        "quoteQty": "0.81798750",
        "time": 1629984457561,
        "isBuyerMaker": false,
        "isBestMatch": true
    },
    {
        "id": 7450857,
        "price": "0.00595400",
        "qty": "205.40000000",
        "quoteQty": "1.22295160",
        "time": 1629984457583,
        "isBuyerMaker": false,
        "isBestMatch": true
    },
    {
        "id": 7450858,
        "price": "0.00595700",
        "qty": "1252.30000000",
        "quoteQty": "7.45995110",
        "time": 1629984462672,
        "isBuyerMaker": false,
        "isBestMatch": true
    },
    {
        "id": 7450859,
        "price": "0.00595800",
        "qty": "196.70000000",
        "quoteQty": "1.17193860",
        "time": 1629984472036,
        "isBuyerMaker": false,
        "isBestMatch": true
    },
    {
        "id": 7450860,
        "price": "0.00596100",
        "qty": "8.70000000",
        "quoteQty": "0.05186070",
        "time": 1629984472927,
        "isBuyerMaker": false,
        "isBestMatch": true
    },
    {
        "id": 7450861,
        "price": "0.00596300",
        "qty": "309.40000000",
        "quoteQty": "1.84495220",
        "time": 1629984474112,
        "isBuyerMaker": false,
        "isBestMatch": true
    },
    {
        "id": 7450862,
        "price": "0.00596400",
        "qty": "160.30000000",
        "quoteQty": "0.95602920",
        "time": 1629984474124,
        "isBuyerMaker": false,
        "isBestMatch": true
    },
    {
        "id": 7450863,
        "price": "0.00596400",
        "qty": "516.70000000",
        "quoteQty": "3.08159880",
        "time": 1629984474133,
        "isBuyerMaker": false,
        "isBestMatch": true
    },
    {
        "id": 7450864,
        "price": "0.00596800",
        "qty": "21.00000000",
        "quoteQty": "0.12532800",
        "time": 1629984475066,
        "isBuyerMaker": false,
        "isBestMatch": true
    },
    {
        "id": 7450865,
        "price": "0.00596400",
        "qty": "130.40000000",
        "quoteQty": "0.77770560",
        "time": 1629984477282,
        "isBuyerMaker": false,
        "isBestMatch": true
    },
    {
        "id": 7450866,
        "price": "0.00596400",
        "qty": "130.40000000",
        "quoteQty": "0.77770560",
        "time": 1629984478133,
        "isBuyerMaker": false,
        "isBestMatch": true
    },
    {
        "id": 7450867,
        "price": "0.00596400",
        "qty": "130.40000000",
        "quoteQty": "0.77770560",
        "time": 1629984478883,
        "isBuyerMaker": false,
        "isBestMatch": true
    },
    {
        "id": 7450868,
        "price": "0.00596900",
        "qty": "17.40000000",
        "quoteQty": "0.10386060",
        "time": 1629984510084,
        "isBuyerMaker": false,
        "isBestMatch": true
    },
    {
        "id": 7450869,
        "price": "0.00596900",
        "qty": "68.00000000",
        "quoteQty": "0.40589200",
        "time": 1629984510084,
        "isBuyerMaker": false,
        "isBestMatch": true
    },
    {
        "id": 7450870,
        "price": "0.00596300",
        "qty": "50.20000000",
        "quoteQty": "0.29934260",
        "time": 1629984514872,
        "isBuyerMaker": true,
        "isBestMatch": true
    },
    {
        "id": 7450871,
        "price": "0.00596300",
        "qty": "83.80000000",
        "quoteQty": "0.49969940",
        "time": 1629984514872,
        "isBuyerMaker": true,
        "isBestMatch": true
    },
    {
        "id": 7450872,
        "price": "0.00596000",
        "qty": "147.00000000",
        "quoteQty": "0.87612000",
        "time": 1629984520139,
        "isBuyerMaker": true,
        "isBestMatch": true
    },
    {
        "id": 7450873,
        "price": "0.00596000",
        "qty": "147.50000000",
        "quoteQty": "0.87910000",
        "time": 1629984522003,
        "isBuyerMaker": true,
        "isBestMatch": true
    },
    {
        "id": 7450874,
        "price": "0.00596800",
        "qty": "287.10000000",
        "quoteQty": "1.71341280",
        "time": 1629984529225,
        "isBuyerMaker": false,
        "isBestMatch": true
    },
    {
        "id": 7450875,
        "price": "0.00597100",
        "qty": "166.00000000",
        "quoteQty": "0.99118600",
        "time": 1629984533496,
        "isBuyerMaker": false,
        "isBestMatch": true
    },
    {
        "id": 7450876,
        "price": "0.00597200",
        "qty": "23.80000000",
        "quoteQty": "0.14213360",
        "time": 1629984533512,
        "isBuyerMaker": false,
        "isBestMatch": true
    },
    {
        "id": 7450877,
        "price": "0.00597200",
        "qty": "17.70000000",
        "quoteQty": "0.10570440",
        "time": 1629984533512,
        "isBuyerMaker": false,
        "isBestMatch": true
    },
    {
        "id": 7450878,
        "price": "0.00597400",
        "qty": "50.20000000",
        "quoteQty": "0.29989480",
        "time": 1629984533562,
        "isBuyerMaker": false,
        "isBestMatch": true
    },
    {
        "id": 7450879,
        "price": "0.00597500",
        "qty": "83.80000000",
        "quoteQty": "0.50070500",
        "time": 1629984533573,
        "isBuyerMaker": false,
        "isBestMatch": true
    },
    {
        "id": 7450880,
        "price": "0.00597600",
        "qty": "9.00000000",
        "quoteQty": "0.05378400",
        "time": 1629984533588,
        "isBuyerMaker": false,
        "isBestMatch": true
    },
    {
        "id": 7450881,
        "price": "0.00597600",
        "qty": "119.30000000",
        "quoteQty": "0.71293680",
        "time": 1629984533588,
        "isBuyerMaker": false,
        "isBestMatch": true
    },
    {
        "id": 7450882,
        "price": "0.00597800",
        "qty": "261.90000000",
        "quoteQty": "1.56563820",
        "time": 1629984533629,
        "isBuyerMaker": false,
        "isBestMatch": true
    },
    {
        "id": 7450883,
        "price": "0.00596900",
        "qty": "50.00000000",
        "quoteQty": "0.29845000",
        "time": 1629984538556,
        "isBuyerMaker": true,
        "isBestMatch": true
    },
    {
        "id": 7450884,
        "price": "0.00597500",
        "qty": "50.00000000",
        "quoteQty": "0.29875000",
        "time": 1629984596683,
        "isBuyerMaker": false,
        "isBestMatch": true
    },
    {
        "id": 7450885,
        "price": "0.00597600",
        "qty": "86.10000000",
        "quoteQty": "0.51453360",
        "time": 1629984596683,
        "isBuyerMaker": false,
        "isBestMatch": true
    },
    {
        "id": 7450886,
        "price": "0.00596700",
        "qty": "170.00000000",
        "quoteQty": "1.01439000",
        "time": 1629984596995,
        "isBuyerMaker": true,
        "isBestMatch": true
    },
    {
        "id": 7450887,
        "price": "0.00596800",
        "qty": "95.10000000",
        "quoteQty": "0.56755680",
        "time": 1629984597042,
        "isBuyerMaker": true,
        "isBestMatch": true
    },
    {
        "id": 7450888,
        "price": "0.00596700",
        "qty": "170.00000000",
        "quoteQty": "1.01439000",
        "time": 1629984608136,
        "isBuyerMaker": true,
        "isBestMatch": true
    },
    {
        "id": 7450889,
        "price": "0.00596700",
        "qty": "83.70000000",
        "quoteQty": "0.49943790",
        "time": 1629984608136,
        "isBuyerMaker": true,
        "isBestMatch": true
    },
    {
        "id": 7450890,
        "price": "0.00596400",
        "qty": "158.90000000",
        "quoteQty": "0.94767960",
        "time": 1629984612861,
        "isBuyerMaker": true,
        "isBestMatch": true
    },
    {
        "id": 7450891,
        "price": "0.00596400",
        "qty": "135.20000000",
        "quoteQty": "0.80633280",
        "time": 1629984617220,
        "isBuyerMaker": true,
        "isBestMatch": true
    },
    {
        "id": 7450892,
        "price": "0.00596400",
        "qty": "23.70000000",
        "quoteQty": "0.14134680",
        "time": 1629984617220,
        "isBuyerMaker": true,
        "isBestMatch": true
    },
    {
        "id": 7450893,
        "price": "0.00595700",
        "qty": "195.10000000",
        "quoteQty": "1.16221070",
        "time": 1629984622158,
        "isBuyerMaker": true,
        "isBestMatch": true
    },
    {
        "id": 7450894,
        "price": "0.00595800",
        "qty": "50.00000000",
        "quoteQty": "0.29790000",
        "time": 1629984643895,
        "isBuyerMaker": true,
        "isBestMatch": true
    },
    {
        "id": 7450895,
        "price": "0.00595800",
        "qty": "0.30000000",
        "quoteQty": "0.00178740",
        "time": 1629984644082,
        "isBuyerMaker": true,
        "isBestMatch": true
    },
    {
        "id": 7450896,
        "price": "0.00596900",
        "qty": "297.10000000",
        "quoteQty": "1.77338990",
        "time": 1629984667210,
        "isBuyerMaker": false,
        "isBestMatch": true
    },
    {
        "id": 7450897,
        "price": "0.00597200",
        "qty": "170.00000000",
        "quoteQty": "1.01524000",
        "time": 1629984673333,
        "isBuyerMaker": false,
        "isBestMatch": true
    },
    {
        "id": 7450898,
        "price": "0.00597300",
        "qty": "217.50000000",
        "quoteQty": "1.29912750",
        "time": 1629984674847,
        "isBuyerMaker": false,
        "isBestMatch": true
    },
    {
        "id": 7450899,
        "price": "0.00597500",
        "qty": "170.00000000",
        "quoteQty": "1.01575000",
        "time": 1629984681064,
        "isBuyerMaker": false,
        "isBestMatch": true
    },
    {
        "id": 7450900,
        "price": "0.00597600",
        "qty": "50.30000000",
        "quoteQty": "0.30059280",
        "time": 1629984681073,
        "isBuyerMaker": false,
        "isBestMatch": true
    },
    {
        "id": 7450901,
        "price": "0.00597800",
        "qty": "170.00000000",
        "quoteQty": "1.01626000",
        "time": 1629984685411,
        "isBuyerMaker": false,
        "isBestMatch": true
    },
    {
        "id": 7450902,
        "price": "0.00597900",
        "qty": "17.60000000",
        "quoteQty": "0.10523040",
        "time": 1629984693740,
        "isBuyerMaker": false,
        "isBestMatch": true
    },
    {
        "id": 7450903,
        "price": "0.00597900",
        "qty": "259.30000000",
        "quoteQty": "1.55035470",
        "time": 1629984693740,
        "isBuyerMaker": false,
        "isBestMatch": true
    },
    {
        "id": 7450904,
        "price": "0.00598000",
        "qty": "22.50000000",
        "quoteQty": "0.13455000",
        "time": 1629984693820,
        "isBuyerMaker": false,
        "isBestMatch": true
    },
    {
        "id": 7450905,
        "price": "0.00598300",
        "qty": "16.80000000",
        "quoteQty": "0.10051440",
        "time": 1629984694778,
        "isBuyerMaker": false,
        "isBestMatch": true
    },
    {
        "id": 7450906,
        "price": "0.00598200",
        "qty": "201.40000000",
        "quoteQty": "1.20477480",
        "time": 1629984695060,
        "isBuyerMaker": false,
        "isBestMatch": true
    },
    {
        "id": 7450907,
        "price": "0.00598200",
        "qty": "79.00000000",
        "quoteQty": "0.47257800",
        "time": 1629984695091,
        "isBuyerMaker": false,
        "isBestMatch": true
    },
    {
        "id": 7450908,
        "price": "0.00598100",
        "qty": "170.00000000",
        "quoteQty": "1.01677000",
        "time": 1629984695538,
        "isBuyerMaker": true,
        "isBestMatch": true
    },
    {
        "id": 7450909,
        "price": "0.00598000",
        "qty": "699.70000000",
        "quoteQty": "4.18420600",
        "time": 1629984695538,
        "isBuyerMaker": true,
        "isBestMatch": true
    },
    {
        "id": 7450910,
        "price": "0.00597900",
        "qty": "170.00000000",
        "quoteQty": "1.01643000",
        "time": 1629984695538,
        "isBuyerMaker": true,
        "isBestMatch": true
    },
    {
        "id": 7450911,
        "price": "0.00597700",
        "qty": "300.30000000",
        "quoteQty": "1.79489310",
        "time": 1629984695538,
        "isBuyerMaker": true,
        "isBestMatch": true
    },
    {
        "id": 7450912,
        "price": "0.00598200",
        "qty": "83.60000000",
        "quoteQty": "0.50009520",
        "time": 1629984695627,
        "isBuyerMaker": true,
        "isBestMatch": true
    },
    {
        "id": 7450913,
        "price": "0.00597900",
        "qty": "50.00000000",
        "quoteQty": "0.29895000",
        "time": 1629984697113,
        "isBuyerMaker": true,
        "isBestMatch": true
    },
    {
        "id": 7450914,
        "price": "0.00597200",
        "qty": "563.00000000",
        "quoteQty": "3.36223600",
        "time": 1629984700425,
        "isBuyerMaker": true,
        "isBestMatch": true
    },
    {
        "id": 7450915,
        "price": "0.00597200",
        "qty": "170.00000000",
        "quoteQty": "1.01524000",
        "time": 1629984722386,
        "isBuyerMaker": true,
        "isBestMatch": true
    },
    {
        "id": 7450916,
        "price": "0.00597300",
        "qty": "170.00000000",
        "quoteQty": "1.01541000",
        "time": 1629984722419,
        "isBuyerMaker": true,
        "isBestMatch": true
    },
    {
        "id": 7450917,
        "price": "0.00597100",
        "qty": "268.10000000",
        "quoteQty": "1.60082510",
        "time": 1629984722440,
        "isBuyerMaker": true,
        "isBestMatch": true
    },
    {
        "id": 7450918,
        "price": "0.00596600",
        "qty": "198.30000000",
        "quoteQty": "1.18305780",
        "time": 1629984734681,
        "isBuyerMaker": true,
        "isBestMatch": true
    },
    {
        "id": 7450919,
        "price": "0.00596600",
        "qty": "154.20000000",
        "quoteQty": "0.91995720",
        "time": 1629984737344,
        "isBuyerMaker": true,
        "isBestMatch": true
    },
    {
        "id": 7450920,
        "price": "0.00596600",
        "qty": "170.00000000",
        "quoteQty": "1.01422000",
        "time": 1629984737344,
        "isBuyerMaker": true,
        "isBestMatch": true
    },
    {
        "id": 7450921,
        "price": "0.00596600",
        "qty": "154.20000000",
        "quoteQty": "0.91995720",
        "time": 1629984740477,
        "isBuyerMaker": true,
        "isBestMatch": true
    },
    {
        "id": 7450922,
        "price": "0.00596100",
        "qty": "170.00000000",
        "quoteQty": "1.01337000",
        "time": 1629984741511,
        "isBuyerMaker": true,
        "isBestMatch": true
    },
    {
        "id": 7450923,
        "price": "0.00596000",
        "qty": "315.60000000",
        "quoteQty": "1.88097600",
        "time": 1629984744661,
        "isBuyerMaker": true,
        "isBestMatch": true
    },
    {
        "id": 7450924,
        "price": "0.00595300",
        "qty": "253.70000000",
        "quoteQty": "1.51027610",
        "time": 1629984765027,
        "isBuyerMaker": true,
        "isBestMatch": true
    },
    {
        "id": 7450925,
        "price": "0.00594900",
        "qty": "17.60000000",
        "quoteQty": "0.10470240",
        "time": 1629984765691,
        "isBuyerMaker": true,
        "isBestMatch": true
    },
    {
        "id": 7450926,
        "price": "0.00594600",
        "qty": "261.90000000",
        "quoteQty": "1.55725740",
        "time": 1629984766083,
        "isBuyerMaker": true,
        "isBestMatch": true
    },
    {
        "id": 7450927,
        "price": "0.00594900",
        "qty": "270.40000000",
        "quoteQty": "1.60860960",
        "time": 1629984766333,
        "isBuyerMaker": true,
        "isBestMatch": true
    },
    {
        "id": 7450928,
        "price": "0.00594200",
        "qty": "16.80000000",
        "quoteQty": "0.09982560",
        "time": 1629984766375,
        "isBuyerMaker": true,
        "isBestMatch": true
    },
    {
        "id": 7450929,
        "price": "0.00593900",
        "qty": "22.50000000",
        "quoteQty": "0.13362750",
        "time": 1629984766375,
        "isBuyerMaker": true,
        "isBestMatch": true
    },
    {
        "id": 7450930,
        "price": "0.00593500",
        "qty": "17.70000000",
        "quoteQty": "0.10504950",
        "time": 1629984766375,
        "isBuyerMaker": true,
        "isBestMatch": true
    },
    {
        "id": 7450931,
        "price": "0.00593300",
        "qty": "213.40000000",
        "quoteQty": "1.26610220",
        "time": 1629984766375,
        "isBuyerMaker": true,
        "isBestMatch": true
    },
    {
        "id": 7450932,
        "price": "0.00595100",
        "qty": "50.00000000",
        "quoteQty": "0.29755000",
        "time": 1629984778736,
        "isBuyerMaker": false,
        "isBestMatch": true
    },
    {
        "id": 7450933,
        "price": "0.00595200",
        "qty": "330.20000000",
        "quoteQty": "1.96535040",
        "time": 1629984778763,
        "isBuyerMaker": false,
        "isBestMatch": true
    },
    {
        "id": 7450934,
        "price": "0.00595300",
        "qty": "124.60000000",
        "quoteQty": "0.74174380",
        "time": 1629984780576,
        "isBuyerMaker": false,
        "isBestMatch": true
    },
    {
        "id": 7450935,
        "price": "0.00595300",
        "qty": "124.60000000",
        "quoteQty": "0.74174380",
        "time": 1629984783885,
        "isBuyerMaker": false,
        "isBestMatch": true
    },
    {
        "id": 7450936,
        "price": "0.00595900",
        "qty": "83.70000000",
        "quoteQty": "0.49876830",
        "time": 1629984791353,
        "isBuyerMaker": false,
        "isBestMatch": true
    },
    {
        "id": 7450937,
        "price": "0.00596000",
        "qty": "194.70000000",
        "quoteQty": "1.16041200",
        "time": 1629984791365,
        "isBuyerMaker": false,
        "isBestMatch": true
    },
    {
        "id": 7450938,
        "price": "0.00596200",
        "qty": "218.30000000",
        "quoteQty": "1.30150460",
        "time": 1629984793716,
        "isBuyerMaker": false,
        "isBestMatch": true
    },
    {
        "id": 7450939,
        "price": "0.00595300",
        "qty": "50.30000000",
        "quoteQty": "0.29943590",
        "time": 1629984803228,
        "isBuyerMaker": true,
        "isBestMatch": true
    },
    {
        "id": 7450940,
        "price": "0.00595900",
        "qty": "170.00000000",
