[
    {
        "id": 3123465,
        "price": "0.17133000",
        "qty": "0.60000000",
        "quoteQty": "0.10279800",
        "time": 1629621043699,
        "isBuyerMaker": false,
        "isBestMatch": true
    },
    {
        "id": 3123466,
        "price": "0.17134000",
        "qty": "24.70000000",
        "quoteQty": "4.23209800",
        "time": 1629621043699,
        "isBuyerMaker": false,
        "isBestMatch": true
    },
    {
        "id": 3123467,
        "price": "0.17128000",
        "qty": "0.60000000",
        "quoteQty": "0.10276800",
        "time": 1629621048447,
        "isBuyerMaker": false,
        "isBestMatch": true
    },
    {
        "id": 3123468,
        "price": "0.17134000",
        "qty": "0.30000000",
        "quoteQty": "0.05140200",
        "time": 1629621059550,
        "isBuyerMaker": false,
        "isBestMatch": true
    },
    {
        "id": 3123469,
        "price": "0.17135000",
        "qty": "0.60000000",
        "quoteQty": "0.10281000",
        "time": 1629621059593,
        "isBuyerMaker": false,
        "isBestMatch": true
    },
    {
        "id": 3123470,
        "price": "0.17136000",
        "qty": "1.30000000",
        "quoteQty": "0.22276800",
        "time": 1629621059642,
        "isBuyerMaker": false,
        "isBestMatch": true
    },
    {
        "id": 3123471,
        "price": "0.17136000",
        "qty": "0.50000000",
        "quoteQty": "0.08568000",
        "time": 1629621059642,
        "isBuyerMaker": false,
        "isBestMatch": true
    },
    {
        "id": 3123472,
        "price": "0.17139000",
        "qty": "3.50000000",
        "quoteQty": "0.59986500",
        "time": 1629621059690,
        "isBuyerMaker": false,
        "isBestMatch": true
    },
    {
        "id": 3123473,
        "price": "0.17140000",
        "qty": "0.70000000",
        "quoteQty": "0.11998000",
        "time": 1629621059744,
        "isBuyerMaker": false,
        "isBestMatch": true
    },
    {
        "id": 3123474,
        "price": "0.17142000",
        "qty": "0.70000000",
        "quoteQty": "0.11999400",
        "time": 1629621060193,
        "isBuyerMaker": false,
        "isBestMatch": true
    },
    {
        "id": 3123475,
        "price": "0.17145000",
        "qty": "0.80000000",
        "quoteQty": "0.13716000",
        "time": 1629621062959,
        "isBuyerMaker": false,
        "isBestMatch": true
    },
    {
        "id": 3123476,
        "price": "0.17134000",
        "qty": "0.60000000",
        "quoteQty": "0.10280400",
        "time": 1629621064704,
        "isBuyerMaker": true,
        "isBestMatch": true
    },
    {
        "id": 3123477,
        "price": "0.17121000",
        "qty": "2.60000000",
        "quoteQty": "0.44514600",
        "time": 1629621074437,
        "isBuyerMaker": false,
        "isBestMatch": true
    },
    {
        "id": 3123478,
        "price": "0.17094000",
        "qty": "81.70000000",
        "quoteQty": "13.96579800",
        "time": 1629621077086,
        "isBuyerMaker": true,
        "isBestMatch": true
    },
    {
        "id": 3123479,
        "price": "0.17081000",
        "qty": "0.40000000",
        "quoteQty": "0.06832400",
        "time": 1629621077867,
        "isBuyerMaker": true,
        "isBestMatch": true
    },
    {
        "id": 3123480,
        "price": "0.17072000",
        "qty": "0.40000000",
        "quoteQty": "0.06828800",
        "time": 1629621077987,
        "isBuyerMaker": true,
        "isBestMatch": true
    },
    {
        "id": 3123481,
        "price": "0.17054000",
        "qty": "1.60000000",
        "quoteQty": "0.27286400",
        "time": 1629621077987,
        "isBuyerMaker": true,
        "isBestMatch": true
    },
    {
        "id": 3123482,
        "price": "0.17054000",
        "qty": "28.30000000",
        "quoteQty": "4.82628200",
        "time": 1629621078397,
        "isBuyerMaker": true,
        "isBestMatch": true
    },
    {
        "id": 3123483,
        "price": "0.17052000",
        "qty": "0.30000000",
        "quoteQty": "0.05115600",
        "time": 1629621078736,
        "isBuyerMaker": true,
        "isBestMatch": true
    },
    {
        "id": 3123484,
        "price": "0.17052000",
        "qty": "0.70000000",
        "quoteQty": "0.11936400",
        "time": 1629621078802,
        "isBuyerMaker": true,
        "isBestMatch": true
    },
    {
        "id": 3123485,
        "price": "0.17052000",
        "qty": "1.90000000",
        "quoteQty": "0.32398800",
        "time": 1629621078908,
        "isBuyerMaker": true,
        "isBestMatch": true
    },
    {
        "id": 3123486,
        "price": "0.17051000",
        "qty": "0.50000000",
        "quoteQty": "0.08525500",
        "time": 1629621079145,
        "isBuyerMaker": true,
        "isBestMatch": true
    },
    {
        "id": 3123487,
        "price": "0.17051000",
        "qty": "0.20000000",
        "quoteQty": "0.03410200",
        "time": 1629621079155,
        "isBuyerMaker": true,
        "isBestMatch": true
    },
    {
        "id": 3123488,
        "price": "0.17049000",
        "qty": "0.60000000",
        "quoteQty": "0.10229400",
        "time": 1629621079165,
        "isBuyerMaker": true,
        "isBestMatch": true
    },
    {
        "id": 3123489,
        "price": "0.17043000",
        "qty": "0.60000000",
        "quoteQty": "0.10225800",
        "time": 1629621079919,
        "isBuyerMaker": true,
        "isBestMatch": true
    },
    {
        "id": 3123490,
        "price": "0.17039000",
        "qty": "4.10000000",
        "quoteQty": "0.69859900",
        "time": 1629621081174,
        "isBuyerMaker": true,
        "isBestMatch": true
    },
    {
        "id": 3123491,
        "price": "0.17039000",
        "qty": "1.30000000",
        "quoteQty": "0.22150700",
        "time": 1629621081174,
        "isBuyerMaker": true,
        "isBestMatch": true
    },
    {
        "id": 3123492,
        "price": "0.17025000",
        "qty": "0.30000000",
        "quoteQty": "0.05107500",
        "time": 1629621088826,
        "isBuyerMaker": true,
        "isBestMatch": true
    },
    {
        "id": 3123493,
        "price": "0.17019000",
        "qty": "4.90000000",
        "quoteQty": "0.83393100",
        "time": 1629621093161,
        "isBuyerMaker": true,
        "isBestMatch": true
    },
    {
        "id": 3123494,
        "price": "0.17018000",
        "qty": "0.70000000",
        "quoteQty": "0.11912600",
        "time": 1629621093161,
        "isBuyerMaker": true,
        "isBestMatch": true
    },
    {
        "id": 3123495,
        "price": "0.17014000",
        "qty": "0.50000000",
        "quoteQty": "0.08507000",
        "time": 1629621093189,
        "isBuyerMaker": true,
        "isBestMatch": true
    },
    {
        "id": 3123496,
        "price": "0.17013000",
        "qty": "0.70000000",
        "quoteQty": "0.11909100",
        "time": 1629621093189,
        "isBuyerMaker": true,
        "isBestMatch": true
    },
    {
        "id": 3123497,
        "price": "0.17009000",
        "qty": "0.90000000",
        "quoteQty": "0.15308100",
        "time": 1629621093189,
        "isBuyerMaker": true,
        "isBestMatch": true
    },
    {
        "id": 3123498,
        "price": "0.17005000",
        "qty": "0.60000000",
        "quoteQty": "0.10203000",
        "time": 1629621093189,
        "isBuyerMaker": true,
        "isBestMatch": true
    },
    {
        "id": 3123499,
        "price": "0.16997000",
        "qty": "2.90000000",
        "quoteQty": "0.49291300",
        "time": 1629621093189,
        "isBuyerMaker": true,
        "isBestMatch": true
    },
    {
        "id": 3123500,
        "price": "0.16997000",
        "qty": "1.00000000",
        "quoteQty": "0.16997000",
        "time": 1629621093189,
        "isBuyerMaker": true,
        "isBestMatch": true
    },
    {
        "id": 3123501,
        "price": "0.16997000",
        "qty": "5.60000000",
        "quoteQty": "0.95183200",
        "time": 1629621093196,
        "isBuyerMaker": true,
        "isBestMatch": true
    },
    {
        "id": 3123502,
        "price": "0.17054000",
        "qty": "0.30000000",
        "quoteQty": "0.05116200",
        "time": 1629621097653,
        "isBuyerMaker": false,
        "isBestMatch": true
    },
    {
        "id": 3123503,
        "price": "0.17001000",
        "qty": "1.40000000",
        "quoteQty": "0.23801400",
        "time": 1629621100139,
        "isBuyerMaker": true,
        "isBestMatch": true
    },
    {
        "id": 3123504,
        "price": "0.17001000",
        "qty": "0.60000000",
        "quoteQty": "0.10200600",
        "time": 1629621100179,
        "isBuyerMaker": true,
        "isBestMatch": true
    },
    {
        "id": 3123505,
        "price": "0.17003000",
        "qty": "29.40000000",
        "quoteQty": "4.99888200",
        "time": 1629621101953,
        "isBuyerMaker": true,
        "isBestMatch": true
    },
    {
        "id": 3123506,
        "price": "0.16996000",
        "qty": "0.60000000",
        "quoteQty": "0.10197600",
        "time": 1629621109715,
        "isBuyerMaker": true,
        "isBestMatch": true
    },
    {
        "id": 3123507,
        "price": "0.16995000",
        "qty": "1.80000000",
        "quoteQty": "0.30591000",
        "time": 1629621110020,
        "isBuyerMaker": true,
        "isBestMatch": true
    },
    {
        "id": 3123508,
        "price": "0.16995000",
        "qty": "4.80000000",
        "quoteQty": "0.81576000",
        "time": 1629621110020,
        "isBuyerMaker": true,
        "isBestMatch": true
    },
    {
        "id": 3123509,
        "price": "0.16987000",
        "qty": "0.70000000",
        "quoteQty": "0.11890900",
        "time": 1629621112832,
        "isBuyerMaker": true,
        "isBestMatch": true
    },
    {
        "id": 3123510,
        "price": "0.16985000",
        "qty": "0.70000000",
        "quoteQty": "0.11889500",
        "time": 1629621112845,
        "isBuyerMaker": true,
        "isBestMatch": true
    },
    {
        "id": 3123511,
        "price": "0.16984000",
        "qty": "4.10000000",
        "quoteQty": "0.69634400",
        "time": 1629621112861,
        "isBuyerMaker": true,
        "isBestMatch": true
    },
    {
        "id": 3123512,
        "price": "0.16978000",
        "qty": "0.50000000",
        "quoteQty": "0.08489000",
        "time": 1629621113598,
        "isBuyerMaker": true,
        "isBestMatch": true
    },
    {
        "id": 3123513,
        "price": "0.16976000",
        "qty": "0.50000000",
        "quoteQty": "0.08488000",
        "time": 1629621113603,
        "isBuyerMaker": true,
        "isBestMatch": true
    },
    {
        "id": 3123514,
        "price": "0.16976000",
        "qty": "0.90000000",
        "quoteQty": "0.15278400",
        "time": 1629621114033,
        "isBuyerMaker": true,
        "isBestMatch": true
    },
    {
        "id": 3123515,
        "price": "0.16970000",
        "qty": "0.50000000",
        "quoteQty": "0.08485000",
        "time": 1629621114311,
        "isBuyerMaker": true,
        "isBestMatch": true
    },
    {
        "id": 3123516,
        "price": "0.16961000",
        "qty": "0.70000000",
        "quoteQty": "0.11872700",
        "time": 1629621114338,
        "isBuyerMaker": true,
        "isBestMatch": true
    },
    {
        "id": 3123517,
        "price": "0.16957000",
        "qty": "0.60000000",
        "quoteQty": "0.10174200",
        "time": 1629621114985,
        "isBuyerMaker": true,
        "isBestMatch": true
    },
    {
        "id": 3123518,
        "price": "0.16957000",
        "qty": "0.50000000",
        "quoteQty": "0.08478500",
        "time": 1629621115210,
        "isBuyerMaker": true,
        "isBestMatch": true
    },
    {
        "id": 3123519,
        "price": "0.16953000",
        "qty": "0.80000000",
        "quoteQty": "0.13562400",
        "time": 1629621115446,
        "isBuyerMaker": true,
        "isBestMatch": true
    },
    {
        "id": 3123520,
        "price": "0.16952000",
        "qty": "0.70000000",
        "quoteQty": "0.11866400",
        "time": 1629621115451,
        "isBuyerMaker": true,
        "isBestMatch": true
    },
    {
        "id": 3123521,
        "price": "0.16949000",
        "qty": "0.70000000",
        "quoteQty": "0.11864300",
        "time": 1629621115476,
        "isBuyerMaker": true,
        "isBestMatch": true
    },
    {
        "id": 3123522,
        "price": "0.16946000",
        "qty": "4.00000000",
        "quoteQty": "0.67784000",
        "time": 1629621115476,
        "isBuyerMaker": true,
        "isBestMatch": true
    },
    {
        "id": 3123523,
        "price": "0.16946000",
        "qty": "4.80000000",
        "quoteQty": "0.81340800",
        "time": 1629621115476,
        "isBuyerMaker": true,
        "isBestMatch": true
    },
    {
        "id": 3123524,
        "price": "0.16946000",
        "qty": "1.00000000",
        "quoteQty": "0.16946000",
        "time": 1629621115487,
        "isBuyerMaker": true,
        "isBestMatch": true
    },
    {
        "id": 3123525,
        "price": "0.16944000",
        "qty": "0.60000000",
        "quoteQty": "0.10166400",
        "time": 1629621115632,
        "isBuyerMaker": true,
        "isBestMatch": true
    },
    {
        "id": 3123526,
        "price": "0.16940000",
        "qty": "0.60000000",
        "quoteQty": "0.10164000",
        "time": 1629621115632,
        "isBuyerMaker": true,
        "isBestMatch": true
    },
    {
        "id": 3123527,
        "price": "0.16935000",
        "qty": "0.70000000",
        "quoteQty": "0.11854500",
        "time": 1629621115632,
        "isBuyerMaker": true,
        "isBestMatch": true
    },
    {
        "id": 3123528,
        "price": "0.16934000",
        "qty": "0.60000000",
        "quoteQty": "0.10160400",
        "time": 1629621115632,
        "isBuyerMaker": true,
        "isBestMatch": true
    },
    {
        "id": 3123529,
        "price": "0.16932000",
        "qty": "6.00000000",
        "quoteQty": "1.01592000",
        "time": 1629621116488,
        "isBuyerMaker": true,
        "isBestMatch": true
    },
    {
        "id": 3123530,
        "price": "0.16983000",
        "qty": "0.50000000",
        "quoteQty": "0.08491500",
        "time": 1629621117477,
        "isBuyerMaker": false,
        "isBestMatch": true
    },
    {
        "id": 3123531,
        "price": "0.16936000",
        "qty": "1.00000000",
        "quoteQty": "0.16936000",
        "time": 1629621125775,
        "isBuyerMaker": true,
        "isBestMatch": true
    },
    {
        "id": 3123532,
        "price": "0.16931000",
        "qty": "0.70000000",
        "quoteQty": "0.11851700",
        "time": 1629621148172,
        "isBuyerMaker": true,
        "isBestMatch": true
    },
    {
        "id": 3123533,
        "price": "0.16929000",
        "qty": "4.10000000",
        "quoteQty": "0.69408900",
        "time": 1629621148205,
        "isBuyerMaker": true,
        "isBestMatch": true
    },
    {
        "id": 3123534,
        "price": "0.16930000",
        "qty": "0.60000000",
        "quoteQty": "0.10158000",
        "time": 1629621151190,
        "isBuyerMaker": true,
        "isBestMatch": true
    },
    {
        "id": 3123535,
        "price": "0.16926000",
        "qty": "0.50000000",
        "quoteQty": "0.08463000",
        "time": 1629621159463,
        "isBuyerMaker": true,
        "isBestMatch": true
    },
    {
        "id": 3123536,
        "price": "0.16926000",
        "qty": "0.60000000",
        "quoteQty": "0.10155600",
        "time": 1629621159463,
        "isBuyerMaker": true,
        "isBestMatch": true
    },
    {
        "id": 3123537,
        "price": "0.16926000",
        "qty": "0.60000000",
        "quoteQty": "0.10155600",
        "time": 1629621159463,
        "isBuyerMaker": true,
        "isBestMatch": true
    },
    {
        "id": 3123538,
        "price": "0.16926000",
        "qty": "0.70000000",
        "quoteQty": "0.11848200",
        "time": 1629621159463,
        "isBuyerMaker": true,
        "isBestMatch": true
    },
    {
        "id": 3123539,
        "price": "0.16925000",
        "qty": "0.90000000",
        "quoteQty": "0.15232500",
        "time": 1629621159637,
        "isBuyerMaker": true,
        "isBestMatch": true
    },
    {
        "id": 3123540,
        "price": "0.16925000",
        "qty": "2.30000000",
        "quoteQty": "0.38927500",
        "time": 1629621159637,
        "isBuyerMaker": true,
        "isBestMatch": true
    },
    {
        "id": 3123541,
        "price": "0.16926000",
        "qty": "13.10000000",
        "quoteQty": "2.21730600",
        "time": 1629621167103,
        "isBuyerMaker": false,
        "isBestMatch": true
    },
    {
        "id": 3123542,
        "price": "0.16929000",
        "qty": "0.30000000",
        "quoteQty": "0.05078700",
        "time": 1629621183604,
        "isBuyerMaker": false,
        "isBestMatch": true
    },
    {
        "id": 3123543,
        "price": "0.16922000",
        "qty": "1.70000000",
        "quoteQty": "0.28767400",
        "time": 1629621188618,
        "isBuyerMaker": true,
        "isBestMatch": true
    },
    {
        "id": 3123544,
        "price": "0.16923000",
        "qty": "0.30000000",
        "quoteQty": "0.05076900",
        "time": 1629621198064,
        "isBuyerMaker": true,
        "isBestMatch": true
    },
    {
        "id": 3123545,
        "price": "0.16922000",
        "qty": "3.40000000",
        "quoteQty": "0.57534800",
        "time": 1629621208175,
        "isBuyerMaker": true,
        "isBestMatch": true
    },
    {
        "id": 3123546,
        "price": "0.16919000",
        "qty": "0.70000000",
        "quoteQty": "0.11843300",
        "time": 1629621208177,
        "isBuyerMaker": true,
        "isBestMatch": true
    },
    {
        "id": 3123547,
        "price": "0.16917000",
        "qty": "2.70000000",
        "quoteQty": "0.45675900",
        "time": 1629621208177,
        "isBuyerMaker": true,
        "isBestMatch": true
    },
    {
        "id": 3123548,
        "price": "0.16916000",
        "qty": "0.70000000",
        "quoteQty": "0.11841200",
        "time": 1629621208231,
        "isBuyerMaker": true,
        "isBestMatch": true
    },
    {
        "id": 3123549,
        "price": "0.16914000",
        "qty": "1.40000000",
        "quoteQty": "0.23679600",
        "time": 1629621208267,
        "isBuyerMaker": true,
        "isBestMatch": true
    },
    {
        "id": 3123550,
        "price": "0.16912000",
        "qty": "0.60000000",
        "quoteQty": "0.10147200",
        "time": 1629621208318,
        "isBuyerMaker": true,
        "isBestMatch": true
    },
    {
        "id": 3123551,
        "price": "0.16911000",
        "qty": "1.80000000",
        "quoteQty": "0.30439800",
        "time": 1629621208444,
        "isBuyerMaker": true,
        "isBestMatch": true
    },
    {
        "id": 3123552,
        "price": "0.16911000",
        "qty": "0.60000000",
        "quoteQty": "0.10146600",
        "time": 1629621208444,
        "isBuyerMaker": true,
        "isBestMatch": true
    },
    {
        "id": 3123553,
        "price": "0.16910000",
        "qty": "0.30000000",
        "quoteQty": "0.05073000",
        "time": 1629621209837,
        "isBuyerMaker": true,
        "isBestMatch": true
    },
    {
        "id": 3123554,
        "price": "0.16908000",
        "qty": "0.30000000",
        "quoteQty": "0.05072400",
        "time": 1629621209837,
        "isBuyerMaker": true,
        "isBestMatch": true
    },
    {
        "id": 3123555,
        "price": "0.16908000",
        "qty": "0.30000000",
        "quoteQty": "0.05072400",
        "time": 1629621210016,
        "isBuyerMaker": true,
        "isBestMatch": true
    },
    {
        "id": 3123556,
        "price": "0.16903000",
        "qty": "0.70000000",
        "quoteQty": "0.11832100",
        "time": 1629621210115,
        "isBuyerMaker": true,
        "isBestMatch": true
    },
    {
        "id": 3123557,
        "price": "0.16901000",
        "qty": "1.20000000",
        "quoteQty": "0.20281200",
        "time": 1629621210142,
        "isBuyerMaker": true,
        "isBestMatch": true
    },
    {
        "id": 3123558,
        "price": "0.16892000",
        "qty": "0.60000000",
        "quoteQty": "0.10135200",
        "time": 1629621212399,
        "isBuyerMaker": true,
        "isBestMatch": true
    },
    {
        "id": 3123559,
        "price": "0.16889000",
        "qty": "1.30000000",
        "quoteQty": "0.21955700",
        "time": 1629621212667,
        "isBuyerMaker": true,
        "isBestMatch": true
    },
    {
        "id": 3123560,
        "price": "0.16887000",
        "qty": "0.70000000",
        "quoteQty": "0.11820900",
        "time": 1629621214413,
        "isBuyerMaker": true,
        "isBestMatch": true
    },
    {
        "id": 3123561,
        "price": "0.16880000",
        "qty": "0.70000000",
        "quoteQty": "0.11816000",
        "time": 1629621215180,
        "isBuyerMaker": true,
        "isBestMatch": true
    },
    {
        "id": 3123562,
        "price": "0.16880000",
        "qty": "0.60000000",
        "quoteQty": "0.10128000",
        "time": 1629621215180,
        "isBuyerMaker": true,
        "isBestMatch": true
    },
    {
        "id": 3123563,
        "price": "0.16879000",
        "qty": "0.80000000",
        "quoteQty": "0.13503200",
        "time": 1629621216791,
        "isBuyerMaker": true,
        "isBestMatch": true
    },
    {
        "id": 3123564,
        "price": "0.16877000",
        "qty": "0.60000000",
        "quoteQty": "0.10126200",
        "time": 1629621216791,
        "isBuyerMaker": true,
        "isBestMatch": true
    },
    {
        "id": 3123565,
        "price": "0.16876000",
        "qty": "0.60000000",
        "quoteQty": "0.10125600",
        "time": 1629621216793,
        "isBuyerMaker": true,
        "isBestMatch": true
    },
    {
        "id": 3123566,
        "price": "0.16875000",
        "qty": "0.10000000",
        "quoteQty": "0.01687500",
        "time": 1629621216793,
        "isBuyerMaker": true,
        "isBestMatch": true
    },
    {
        "id": 3123567,
        "price": "0.16899000",
        "qty": "19.60000000",
        "quoteQty": "3.31220400",
        "time": 1629621228967,
        "isBuyerMaker": false,
        "isBestMatch": true
    },
    {
        "id": 3123568,
        "price": "0.16884000",
        "qty": "0.40000000",
        "quoteQty": "0.06753600",
        "time": 1629621230350,
        "isBuyerMaker": true,
        "isBestMatch": true
    },
    {
        "id": 3123569,
        "price": "0.16902000",
        "qty": "0.40000000",
        "quoteQty": "0.06760800",
        "time": 1629621233120,
        "isBuyerMaker": false,
        "isBestMatch": true
    },
    {
        "id": 3123570,
        "price": "0.16882000",
        "qty": "1.40000000",
        "quoteQty": "0.23634800",
        "time": 1629621237201,
        "isBuyerMaker": true,
        "isBestMatch": true
    },
    {
        "id": 3123571,
        "price": "0.16900000",
        "qty": "30.20000000",
        "quoteQty": "5.10380000",
        "time": 1629621243604,
        "isBuyerMaker": false,
        "isBestMatch": true
    },
    {
        "id": 3123572,
        "price": "0.16904000",
        "qty": "13.10000000",
        "quoteQty": "2.21442400",
        "time": 1629621243641,
        "isBuyerMaker": false,
        "isBestMatch": true
    },
    {
        "id": 3123573,
        "price": "0.16903000",
        "qty": "0.60000000",
        "quoteQty": "0.10141800",
        "time": 1629621250629,
        "isBuyerMaker": true,
        "isBestMatch": true
    },
    {
        "id": 3123574,
        "price": "0.16953000",
        "qty": "0.70000000",
        "quoteQty": "0.11867100",
        "time": 1629621273379,
        "isBuyerMaker": false,
        "isBestMatch": true
    },
    {
        "id": 3123575,
        "price": "0.16960000",
        "qty": "0.40000000",
        "quoteQty": "0.06784000",
        "time": 1629621310749,
        "isBuyerMaker": false,
        "isBestMatch": true
    },
    {
        "id": 3123576,
        "price": "0.16953000",
        "qty": "19.70000000",
        "quoteQty": "3.33974100",
        "time": 1629621321695,
        "isBuyerMaker": true,
        "isBestMatch": true
    },
    {
        "id": 3123577,
        "price": "0.16953000",
        "qty": "1.60000000",
        "quoteQty": "0.27124800",
        "time": 1629621321695,
        "isBuyerMaker": true,
        "isBestMatch": true
    },
    {
        "id": 3123578,
        "price": "0.16968000",
        "qty": "0.10000000",
        "quoteQty": "0.01696800",
        "time": 1629621344854,
        "isBuyerMaker": false,
        "isBestMatch": true
    },
    {
        "id": 3123579,
        "price": "0.16953000",
        "qty": "0.30000000",
        "quoteQty": "0.05085900",
        "time": 1629621358690,
        "isBuyerMaker": true,
        "isBestMatch": true
    },
    {
        "id": 3123580,
        "price": "0.16933000",
        "qty": "4.60000000",
        "quoteQty": "0.77891800",
        "time": 1629621427345,
        "isBuyerMaker": false,
        "isBestMatch": true
    },
    {
        "id": 3123581,
        "price": "0.16933000",
        "qty": "3.90000000",
        "quoteQty": "0.66038700",
        "time": 1629621428121,
        "isBuyerMaker": false,
        "isBestMatch": true
    },
    {
        "id": 3123582,
        "price": "0.16937000",
        "qty": "2.70000000",
        "quoteQty": "0.45729900",
        "time": 1629621454602,
        "isBuyerMaker": false,
        "isBestMatch": true
    },
    {
        "id": 3123583,
        "price": "0.16937000",
        "qty": "3.80000000",
        "quoteQty": "0.64360600",
        "time": 1629621454603,
        "isBuyerMaker": false,
        "isBestMatch": true
    },
    {
        "id": 3123584,
        "price": "0.16964000",
        "qty": "13.30000000",
        "quoteQty": "2.25621200",
        "time": 1629621472473,
        "isBuyerMaker": false,
        "isBestMatch": true
    },
    {
        "id": 3123585,
        "price": "0.16967000",
        "qty": "6.20000000",
        "quoteQty": "1.05195400",
        "time": 1629621478637,
        "isBuyerMaker": false,
        "isBestMatch": true
    },
    {
        "id": 3123586,
        "price": "0.16964000",
        "qty": "3.00000000",
        "quoteQty": "0.50892000",
        "time": 1629621480104,
        "isBuyerMaker": true,
        "isBestMatch": true
    },
    {
        "id": 3123587,
        "price": "0.16971000",
        "qty": "11.40000000",
        "quoteQty": "1.93469400",
        "time": 1629621492478,
        "isBuyerMaker": false,
        "isBestMatch": true
    },
    {
        "id": 3123588,
        "price": "0.16971000",
        "qty": "1.60000000",
        "quoteQty": "0.27153600",
        "time": 1629621492481,
        "isBuyerMaker": false,
        "isBestMatch": true
    },
    {
        "id": 3123589,
        "price": "0.16974000",
        "qty": "0.60000000",
        "quoteQty": "0.10184400",
        "time": 1629621492498,
        "isBuyerMaker": false,
        "isBestMatch": true
    },
    {
        "id": 3123590,
        "price": "0.16978000",
        "qty": "0.60000000",
        "quoteQty": "0.10186800",
        "time": 1629621492640,
        "isBuyerMaker": false,
        "isBestMatch": true
    },
    {
        "id": 3123591,
        "price": "0.16957000",
        "qty": "0.40000000",
        "quoteQty": "0.06782800",
        "time": 1629621494231,
        "isBuyerMaker": true,
        "isBestMatch": true
    },
    {
        "id": 3123592,
        "price": "0.16985000",
        "qty": "0.70000000",
        "quoteQty": "0.11889500",
        "time": 1629621512881,
        "isBuyerMaker": false,
        "isBestMatch": true
    },
    {
        "id": 3123593,
        "price": "0.16974000",
        "qty": "1.00000000",
        "quoteQty": "0.16974000",
        "time": 1629621521857,
        "isBuyerMaker": true,
        "isBestMatch": true
    },
    {
        "id": 3123594,
        "price": "0.16981000",
        "qty": "13.00000000",
        "quoteQty": "2.20753000",
        "time": 1629621526055,
        "isBuyerMaker": false,
        "isBestMatch": true
    },
    {
        "id": 3123595,
        "price": "0.16985000",
        "qty": "13.00000000",
        "quoteQty": "2.20805000",
        "time": 1629621526310,
        "isBuyerMaker": false,
        "isBestMatch": true
    },
    {
        "id": 3123596,
        "price": "0.16995000",
        "qty": "1.80000000",
        "quoteQty": "0.30591000",
        "time": 1629621527345,
        "isBuyerMaker": false,
        "isBestMatch": true
    },
    {
        "id": 3123597,
        "price": "0.17010000",
        "qty": "1.40000000",
        "quoteQty": "0.23814000",
        "time": 1629621533605,
        "isBuyerMaker": false,
        "isBestMatch": true
    },
    {
        "id": 3123598,
        "price": "0.17017000",
        "qty": "4.10000000",
        "quoteQty": "0.69769700",
        "time": 1629621537487,
        "isBuyerMaker": false,
        "isBestMatch": true
    },
    {
        "id": 3123599,
        "price": "0.17017000",
        "qty": "11.80000000",
        "quoteQty": "2.00800600",
        "time": 1629621537487,
        "isBuyerMaker": false,
        "isBestMatch": true
    },
    {
        "id": 3123600,
        "price": "0.17017000",
        "qty": "0.10000000",
        "quoteQty": "0.01701700",
        "time": 1629621537487,
        "isBuyerMaker": false,
        "isBestMatch": true
    },
    {
        "id": 3123601,
        "price": "0.17017000",
        "qty": "12.90000000",
        "quoteQty": "2.19519300",
        "time": 1629621537487,
        "isBuyerMaker": false,
        "isBestMatch": true
    },
    {
        "id": 3123602,
        "price": "0.17017000",
        "qty": "13.00000000",
        "quoteQty": "2.21221000",
        "time": 1629621539515,
        "isBuyerMaker": false,
        "isBestMatch": true
    },
    {
        "id": 3123603,
        "price": "0.17018000",
        "qty": "0.70000000",
        "quoteQty": "0.11912600",
        "time": 1629621539533,
        "isBuyerMaker": false,
        "isBestMatch": true
    },
    {
        "id": 3123604,
        "price": "0.17020000",
        "qty": "0.70000000",
        "quoteQty": "0.11914000",
        "time": 1629621539560,
        "isBuyerMaker": false,
        "isBestMatch": true
    },
    {
        "id": 3123605,
        "price": "0.17023000",
        "qty": "23.70000000",
        "quoteQty": "4.03445100",
        "time": 1629621539636,
        "isBuyerMaker": false,
        "isBestMatch": true
    },
    {
        "id": 3123606,
        "price": "0.17030000",
        "qty": "0.60000000",
        "quoteQty": "0.10218000",
        "time": 1629621541084,
        "isBuyerMaker": false,
        "isBestMatch": true
    },
    {
        "id": 3123607,
        "price": "0.17031000",
        "qty": "0.80000000",
        "quoteQty": "0.13624800",
        "time": 1629621541084,
        "isBuyerMaker": false,
        "isBestMatch": true
    },
    {
        "id": 3123608,
        "price": "0.17036000",
        "qty": "32.40000000",
        "quoteQty": "5.51966400",
        "time": 1629621541251,
        "isBuyerMaker": false,
        "isBestMatch": true
    },
    {
        "id": 3123609,
        "price": "0.17038000",
        "qty": "0.60000000",
        "quoteQty": "0.10222800",
        "time": 1629621549072,
        "isBuyerMaker": false,
        "isBestMatch": true
    },
    {
        "id": 3123610,
        "price": "0.17037000",
        "qty": "20.10000000",
        "quoteQty": "3.42443700",
        "time": 1629621555482,
        "isBuyerMaker": false,
        "isBestMatch": true
    },
    {
        "id": 3123611,
        "price": "0.17043000",
        "qty": "0.90000000",
        "quoteQty": "0.15338700",
        "time": 1629621556601,
        "isBuyerMaker": false,
        "isBestMatch": true
    },
    {
        "id": 3123612,
        "price": "0.17044000",
        "qty": "0.60000000",
        "quoteQty": "0.10226400",
        "time": 1629621556701,
        "isBuyerMaker": false,
        "isBestMatch": true
    },
    {
        "id": 3123613,
        "price": "0.17046000",
        "qty": "0.70000000",
        "quoteQty": "0.11932200",
        "time": 1629621557465,
        "isBuyerMaker": false,
        "isBestMatch": true
    },
    {
        "id": 3123614,
        "price": "0.17047000",
        "qty": "0.50000000",
        "quoteQty": "0.08523500",
        "time": 1629621558139,
        "isBuyerMaker": false,
        "isBestMatch": true
    },
    {
        "id": 3123615,
        "price": "0.17048000",
        "qty": "13.30000000",
        "quoteQty": "2.26738400",
        "time": 1629621558192,
        "isBuyerMaker": false,
        "isBestMatch": true
    },
    {
        "id": 3123616,
        "price": "0.17047000",
        "qty": "9.90000000",
        "quoteQty": "1.68765300",
        "time": 1629621565776,
        "isBuyerMaker": false,
        "isBestMatch": true
    },
    {
        "id": 3123617,
        "price": "0.17048000",
        "qty": "13.00000000",
        "quoteQty": "2.21624000",
        "time": 1629621565895,
        "isBuyerMaker": false,
        "isBestMatch": true
    },
    {
        "id": 3123618,
        "price": "0.17047000",
        "qty": "29.10000000",
        "quoteQty": "4.96067700",
        "time": 1629621568288,
        "isBuyerMaker": false,
        "isBestMatch": true
    },
    {
        "id": 3123619,
        "price": "0.17047000",
        "qty": "18.40000000",
        "quoteQty": "3.13664800",
        "time": 1629621568339,
        "isBuyerMaker": false,
        "isBestMatch": true
    },
    {
        "id": 3123620,
        "price": "0.17047000",
        "qty": "31.70000000",
        "quoteQty": "5.40389900",
        "time": 1629621568445,
        "isBuyerMaker": false,
        "isBestMatch": true
    },
    {
        "id": 3123621,
        "price": "0.17047000",
        "qty": "11.80000000",
        "quoteQty": "2.01154600",
        "time": 1629621568489,
        "isBuyerMaker": false,
        "isBestMatch": true
    },
    {
        "id": 3123622,
        "price": "0.17047000",
        "qty": "4.00000000",
        "quoteQty": "0.68188000",
        "time": 1629621568541,
        "isBuyerMaker": false,
        "isBestMatch": true
    },
    {
        "id": 3123623,
        "price": "0.17047000",
        "qty": "12.90000000",
        "quoteQty": "2.19906300",
        "time": 1629621568592,
        "isBuyerMaker": false,
        "isBestMatch": true
    },
    {
        "id": 3123624,
        "price": "0.17048000",
        "qty": "1.20000000",
        "quoteQty": "0.20457600",
        "time": 1629621568992,
        "isBuyerMaker": false,
        "isBestMatch": true
    },
    {
        "id": 3123625,
        "price": "0.17051000",
        "qty": "0.60000000",
        "quoteQty": "0.10230600",
        "time": 1629621572332,
        "isBuyerMaker": false,
        "isBestMatch": true
    },
    {
        "id": 3123626,
        "price": "0.17051000",
        "qty": "0.10000000",
        "quoteQty": "0.01705100",
        "time": 1629621576466,
        "isBuyerMaker": false,
        "isBestMatch": true
    },
    {
        "id": 3123627,
        "price": "0.17053000",
        "qty": "1.20000000",
        "quoteQty": "0.20463600",
        "time": 1629621576466,
        "isBuyerMaker": false,
        "isBestMatch": true
    },
    {
        "id": 3123628,
        "price": "0.17055000",
        "qty": "1.30000000",
        "quoteQty": "0.22171500",
        "time": 1629621576466,
        "isBuyerMaker": false,
        "isBestMatch": true
    },
    {
        "id": 3123629,
        "price": "0.16985000",
        "qty": "0.70000000",
        "quoteQty": "0.11889500",
        "time": 1629621600249,
        "isBuyerMaker": true,
        "isBestMatch": true
    },
    {
        "id": 3123630,
        "price": "0.16952000",
        "qty": "0.70000000",
        "quoteQty": "0.11866400",
        "time": 1629621602522,
        "isBuyerMaker": true,
        "isBestMatch": true
    },
    {
        "id": 3123631,
        "price": "0.16944000",
        "qty": "0.60000000",
        "quoteQty": "0.10166400",
        "time": 1629621606308,
        "isBuyerMaker": true,
        "isBestMatch": true
    },
    {
        "id": 3123632,
        "price": "0.16940000",
        "qty": "0.60000000",
        "quoteQty": "0.10164000",
        "time": 1629621606412,
        "isBuyerMaker": true,
        "isBestMatch": true
    },
    {
        "id": 3123633,
        "price": "0.16935000",
        "qty": "0.70000000",
        "quoteQty": "0.11854500",
        "time": 1629621609248,
        "isBuyerMaker": true,
        "isBestMatch": true
    },
    {
        "id": 3123634,
        "price": "0.16931000",
        "qty": "0.70000000",
        "quoteQty": "0.11851700",
        "time": 1629621610706,
        "isBuyerMaker": true,
        "isBestMatch": true
    },
    {
        "id": 3123635,
        "price": "0.16929000",
        "qty": "4.10000000",
        "quoteQty": "0.69408900",
        "time": 1629621610749,
        "isBuyerMaker": true,
        "isBestMatch": true
    },
    {
        "id": 3123636,
        "price": "0.16939000",
        "qty": "1.10000000",
        "quoteQty": "0.18632900",
        "time": 1629621621994,
        "isBuyerMaker": true,
        "isBestMatch": true
    },
    {
        "id": 3123637,
        "price": "0.16988000",
        "qty": "26.20000000",
        "quoteQty": "4.45085600",
        "time": 1629621623943,
        "isBuyerMaker": false,
        "isBestMatch": true
    },
    {
        "id": 3123638,
        "price": "0.16988000",
        "qty": "6.20000000",
        "quoteQty": "1.05325600",
        "time": 1629621623946,
        "isBuyerMaker": false,
        "isBestMatch": true
    },
    {
        "id": 3123639,
        "price": "0.16983000",
        "qty": "13.00000000",
        "quoteQty": "2.20779000",
        "time": 1629621641104,
        "isBuyerMaker": false,
        "isBestMatch": true
    },
    {
        "id": 3123640,
        "price": "0.16987000",
        "qty": "1.70000000",
        "quoteQty": "0.28877900",
        "time": 1629621646998,
        "isBuyerMaker": false,
        "isBestMatch": true
    },
    {
        "id": 3123641,
        "price": "0.16957000",
        "qty": "1.10000000",
        "quoteQty": "0.18652700",
        "time": 1629621678388,
        "isBuyerMaker": false,
        "isBestMatch": true
    },
    {
        "id": 3123642,
        "price": "0.16957000",
        "qty": "8.40000000",
        "quoteQty": "1.42438800",
        "time": 1629621678438,
        "isBuyerMaker": true,
        "isBestMatch": true
    },
    {
        "id": 3123643,
        "price": "0.16977000",
        "qty": "1.70000000",
        "quoteQty": "0.28860900",
        "time": 1629621680426,
        "isBuyerMaker": false,
        "isBestMatch": true
    },
    {
        "id": 3123644,
        "price": "0.16960000",
        "qty": "0.40000000",
        "quoteQty": "0.06784000",
        "time": 1629621695666,
        "isBuyerMaker": false,
        "isBestMatch": true
    },
    {
        "id": 3123645,
        "price": "0.16960000",
        "qty": "32.00000000",
        "quoteQty": "5.42720000",
        "time": 1629621699926,
        "isBuyerMaker": false,
        "isBestMatch": true
    },
    {
        "id": 3123646,
        "price": "0.16963000",
        "qty": "32.40000000",
        "quoteQty": "5.49601200",
        "time": 1629621702246,
        "isBuyerMaker": false,
        "isBestMatch": true
    },
    {
        "id": 3123647,
        "price": "0.16968000",
        "qty": "19.50000000",
        "quoteQty": "3.30876000",
        "time": 1629621702553,
        "isBuyerMaker": false,
        "isBestMatch": true
    },
    {
        "id": 3123648,
        "price": "0.16973000",
        "qty": "24.30000000",
        "quoteQty": "4.12443900",
        "time": 1629621702636,
        "isBuyerMaker": false,
        "isBestMatch": true
    },
    {
        "id": 3123649,
        "price": "0.16944000",
        "qty": "13.00000000",
        "quoteQty": "2.20272000",
        "time": 1629621731657,
        "isBuyerMaker": false,
        "isBestMatch": true
    },
    {
        "id": 3123650,
        "price": "0.16952000",
        "qty": "8.90000000",
        "quoteQty": "1.50872800",
        "time": 1629621734724,
        "isBuyerMaker": false,
        "isBestMatch": true
    },
    {
        "id": 3123651,
        "price": "0.16952000",
        "qty": "0.50000000",
        "quoteQty": "0.08476000",
        "time": 1629621734743,
        "isBuyerMaker": false,
        "isBestMatch": true
    },
    {
        "id": 3123652,
        "price": "0.16952000",
        "qty": "0.80000000",
        "quoteQty": "0.13561600",
        "time": 1629621734745,
        "isBuyerMaker": false,
        "isBestMatch": true
    },
    {
        "id": 3123653,
        "price": "0.16952000",
        "qty": "2.80000000",
        "quoteQty": "0.47465600",
        "time": 1629621734778,
        "isBuyerMaker": false,
        "isBestMatch": true
    },
    {
        "id": 3123654,
        "price": "0.16941000",
        "qty": "0.50000000",
        "quoteQty": "0.08470500",
        "time": 1629621743144,
        "isBuyerMaker": false,
        "isBestMatch": true
    },
    {
        "id": 3123655,
        "price": "0.16926000",
        "qty": "0.50000000",
        "quoteQty": "0.08463000",
        "time": 1629621747474,
        "isBuyerMaker": true,
        "isBestMatch": true
    },
    {
        "id": 3123656,
        "price": "0.16925000",
        "qty": "0.90000000",
        "quoteQty": "0.15232500",
        "time": 1629621748728,
        "isBuyerMaker": true,
        "isBestMatch": true
    },
    {
        "id": 3123657,
        "price": "0.16931000",
        "qty": "13.00000000",
        "quoteQty": "2.20103000",
        "time": 1629621749593,
        "isBuyerMaker": false,
        "isBestMatch": true
    },
    {
        "id": 3123658,
        "price": "0.16924000",
        "qty": "1.30000000",
        "quoteQty": "0.22001200",
        "time": 1629621755346,
        "isBuyerMaker": true,
        "isBestMatch": true
    },
    {
        "id": 3123659,
        "price": "0.16919000",
        "qty": "0.20000000",
        "quoteQty": "0.03383800",
        "time": 1629621755346,
        "isBuyerMaker": true,
        "isBestMatch": true
    },
    {
        "id": 3123660,
        "price": "0.16919000",
        "qty": "0.50000000",
        "quoteQty": "0.08459500",
        "time": 1629621761982,
        "isBuyerMaker": true,
        "isBestMatch": true
    },
    {
        "id": 3123661,
        "price": "0.16914000",
        "qty": "1.40000000",
        "quoteQty": "0.23679600",
        "time": 1629621763134,
        "isBuyerMaker": true,
        "isBestMatch": true
    },
    {
        "id": 3123662,
        "price": "0.16911000",
        "qty": "1.80000000",
        "quoteQty": "0.30439800",
        "time": 1629621763138,
        "isBuyerMaker": true,
        "isBestMatch": true
    },
    {
        "id": 3123663,
        "price": "0.16902000",
        "qty": "3.20000000",
        "quoteQty": "0.54086400",
        "time": 1629621763144,
        "isBuyerMaker": true,
        "isBestMatch": true
    },
    {
        "id": 3123664,
        "price": "0.16901000",
        "qty": "1.20000000",
        "quoteQty": "0.20281200",
        "time": 1629621763477,
        "isBuyerMaker": true,
        "isBestMatch": true
    },
    {
        "id": 3123665,
        "price": "0.16892000",
        "qty": "0.60000000",
        "quoteQty": "0.10135200",
        "time": 1629621775958,
        "isBuyerMaker": true,
        "isBestMatch": true
    },
    {
        "id": 3123666,
        "price": "0.16887000",
        "qty": "0.70000000",
        "quoteQty": "0.11820900",
        "time": 1629621775973,
        "isBuyerMaker": true,
        "isBestMatch": true
    },
    {
        "id": 3123667,
        "price": "0.16879000",
        "qty": "0.80000000",
        "quoteQty": "0.13503200",
        "time": 1629621776390,
        "isBuyerMaker": true,
        "isBestMatch": true
    },
    {
        "id": 3123668,
        "price": "0.16877000",
        "qty": "0.60000000",
        "quoteQty": "0.10126200",
        "time": 1629621776421,
        "isBuyerMaker": true,
        "isBestMatch": true
    },
    {
        "id": 3123669,
        "price": "0.16876000",
        "qty": "0.60000000",
        "quoteQty": "0.10125600",
        "time": 1629621776487,
        "isBuyerMaker": true,
        "isBestMatch": true
    },
    {
        "id": 3123670,
        "price": "0.16875000",
        "qty": "0.60000000",
        "quoteQty": "0.10125000",
        "time": 1629621776529,
        "isBuyerMaker": true,
        "isBestMatch": true
    },
    {
        "id": 3123671,
        "price": "0.16874000",
        "qty": "4.20000000",
        "quoteQty": "0.70870800",
        "time": 1629621776529,
        "isBuyerMaker": true,
        "isBestMatch": true
    },
    {
        "id": 3123672,
        "price": "0.16873000",
        "qty": "1.20000000",
        "quoteQty": "0.20247600",
        "time": 1629621776529,
        "isBuyerMaker": true,
        "isBestMatch": true
    },
    {
        "id": 3123673,
        "price": "0.16903000",
        "qty": "1.00000000",
        "quoteQty": "0.16903000",
        "time": 1629621790845,
        "isBuyerMaker": false,
        "isBestMatch": true
    },
    {
        "id": 3123674,
        "price": "0.16901000",
        "qty": "13.00000000",
        "quoteQty": "2.19713000",
        "time": 1629621838093,
        "isBuyerMaker": false,
        "isBestMatch": true
    },
    {
        "id": 3123675,
        "price": "0.16903000",
        "qty": "2.80000000",
        "quoteQty": "0.47328400",
        "time": 1629621838641,
        "isBuyerMaker": true,
        "isBestMatch": true
    },
    {
        "id": 3123676,
        "price": "0.16903000",
        "qty": "21.10000000",
        "quoteQty": "3.56653300",
        "time": 1629621839525,
        "isBuyerMaker": true,
        "isBestMatch": true
    },
    {
        "id": 3123677,
        "price": "0.16940000",
        "qty": "2.00000000",
        "quoteQty": "0.33880000",
        "time": 1629621855087,
        "isBuyerMaker": false,
        "isBestMatch": true
    },
    {
        "id": 3123678,
        "price": "0.16940000",
        "qty": "30.50000000",
        "quoteQty": "5.16670000",
        "time": 1629621855812,
        "isBuyerMaker": false,
        "isBestMatch": true
    },
    {
        "id": 3123679,
        "price": "0.16936000",
        "qty": "13.00000000",
        "quoteQty": "2.20168000",
        "time": 1629621891959,
        "isBuyerMaker": false,
        "isBestMatch": true
    },
    {
        "id": 3123680,
        "price": "0.16953000",
        "qty": "0.70000000",
        "quoteQty": "0.11867100",
        "time": 1629621893139,
        "isBuyerMaker": false,
        "isBestMatch": true
    },
    {
        "id": 3123681,
        "price": "0.16962000",
        "qty": "4.20000000",
        "quoteQty": "0.71240400",
        "time": 1629621897732,
        "isBuyerMaker": false,
        "isBestMatch": true
    },
    {
        "id": 3123682,
        "price": "0.16964000",
        "qty": "0.70000000",
        "quoteQty": "0.11874800",
        "time": 1629621897889,
        "isBuyerMaker": false,
        "isBestMatch": true
    },
    {
        "id": 3123683,
        "price": "0.16964000",
        "qty": "3.20000000",
        "quoteQty": "0.54284800",
        "time": 1629621913714,
        "isBuyerMaker": false,
        "isBestMatch": true
    },
    {
        "id": 3123684,
        "price": "0.16965000",
        "qty": "18.50000000",
        "quoteQty": "3.13852500",
        "time": 1629621913714,
        "isBuyerMaker": false,
        "isBestMatch": true
    },
    {
        "id": 3123685,
        "price": "0.16965000",
        "qty": "6.50000000",
        "quoteQty": "1.10272500",
        "time": 1629621915478,
        "isBuyerMaker": false,
        "isBestMatch": true
    },
    {
        "id": 3123686,
        "price": "0.16965000",
        "qty": "7.40000000",
        "quoteQty": "1.25541000",
        "time": 1629621916992,
        "isBuyerMaker": false,
        "isBestMatch": true
    },
    {
        "id": 3123687,
        "price": "0.16965000",
        "qty": "8.60000000",
        "quoteQty": "1.45899000",
        "time": 1629621918749,
        "isBuyerMaker": false,
        "isBestMatch": true
    },
    {
        "id": 3123688,
        "price": "0.16940000",
        "qty": "2.40000000",
        "quoteQty": "0.40656000",
        "time": 1629621935200,
        "isBuyerMaker": true,
        "isBestMatch": true
    },
    {
        "id": 3123689,
        "price": "0.16889000",
        "qty": "3.80000000",
        "quoteQty": "0.64178200",
        "time": 1629621951724,
        "isBuyerMaker": true,
        "isBestMatch": true
    },
    {
        "id": 3123690,
        "price": "0.16889000",
        "qty": "39.00000000",
        "quoteQty": "6.58671000",
        "time": 1629621951725,
        "isBuyerMaker": true,
        "isBestMatch": true
    },
    {
        "id": 3123691,
        "price": "0.16887000",
        "qty": "0.70000000",
        "quoteQty": "0.11820900",
        "time": 1629621951738,
        "isBuyerMaker": true,
        "isBestMatch": true
    },
    {
        "id": 3123692,
        "price": "0.16898000",
        "qty": "13.00000000",
        "quoteQty": "2.19674000",
        "time": 1629621958561,
        "isBuyerMaker": false,
        "isBestMatch": true
    },
    {
        "id": 3123693,
        "price": "0.16898000",
        "qty": "0.90000000",
        "quoteQty": "0.15208200",
        "time": 1629621975113,
        "isBuyerMaker": true,
        "isBestMatch": true
    },
    {
        "id": 3123694,
        "price": "0.16898000",
        "qty": "0.60000000",
        "quoteQty": "0.10138800",
        "time": 1629621975113,
        "isBuyerMaker": true,
        "isBestMatch": true
    },
    {
        "id": 3123695,
        "price": "0.16901000",
        "qty": "1.30000000",
        "quoteQty": "0.21971300",
        "time": 1629622005178,
        "isBuyerMaker": false,
        "isBestMatch": true
    },
    {
        "id": 3123696,
        "price": "0.16875000",
        "qty": "0.70000000",
        "quoteQty": "0.11812500",
        "time": 1629622009893,
        "isBuyerMaker": true,
        "isBestMatch": true
    },
    {
        "id": 3123697,
        "price": "0.16874000",
        "qty": "4.20000000",
        "quoteQty": "0.70870800",
        "time": 1629622010054,
        "isBuyerMaker": true,
        "isBestMatch": true
    },
    {
        "id": 3123698,
        "price": "0.16870000",
        "qty": "0.60000000",
        "quoteQty": "0.10122000",
        "time": 1629622010094,
        "isBuyerMaker": true,
        "isBestMatch": true
    },
    {
        "id": 3123699,
        "price": "0.16867000",
        "qty": "0.70000000",
        "quoteQty": "0.11806900",
        "time": 1629622011750,
        "isBuyerMaker": true,
        "isBestMatch": true
    },
    {
        "id": 3123700,
        "price": "0.16864000",
        "qty": "15.90000000",
        "quoteQty": "2.68137600",
        "time": 1629622031634,
        "isBuyerMaker": true,
        "isBestMatch": true
    },
    {
        "id": 3123701,
        "price": "0.16860000",
        "qty": "1.00000000",
        "quoteQty": "0.16860000",
        "time": 1629622050478,
        "isBuyerMaker": true,
        "isBestMatch": true
    },
    {
        "id": 3123702,
        "price": "0.16860000",
        "qty": "2.80000000",
        "quoteQty": "0.47208000",
        "time": 1629622054265,
        "isBuyerMaker": true,
        "isBestMatch": true
    },
    {
        "id": 3123703,
        "price": "0.16883000",
        "qty": "3.00000000",
        "quoteQty": "0.50649000",
        "time": 1629622062021,
        "isBuyerMaker": false,
        "isBestMatch": true
    },
    {
        "id": 3123704,
        "price": "0.16864000",
        "qty": "0.90000000",
        "quoteQty": "0.15177600",
        "time": 1629622068869,
        "isBuyerMaker": true,
        "isBestMatch": true
    },
    {
        "id": 3123705,
        "price": "0.16875000",
        "qty": "13.10000000",
        "quoteQty": "2.21062500",
        "time": 1629622073213,
        "isBuyerMaker": false,
        "isBestMatch": true
    },
    {
        "id": 3123706,
        "price": "0.16859000",
        "qty": "0.60000000",
        "quoteQty": "0.10115400",
        "time": 1629622094702,
        "isBuyerMaker": true,
        "isBestMatch": true
    },
    {
        "id": 3123707,
        "price": "0.16859000",
        "qty": "2.00000000",
        "quoteQty": "0.33718000",
        "time": 1629622094702,
        "isBuyerMaker": true,
        "isBestMatch": true
    },
    {
        "id": 3123708,
        "price": "0.16857000",
        "qty": "0.70000000",
        "quoteQty": "0.11799900",
        "time": 1629622094740,
        "isBuyerMaker": true,
        "isBestMatch": true
    },
    {
        "id": 3123709,
        "price": "0.16857000",
        "qty": "0.70000000",
        "quoteQty": "0.11799900",
        "time": 1629622094740,
        "isBuyerMaker": true,
        "isBestMatch": true
    },
    {
        "id": 3123710,
        "price": "0.16856000",
        "qty": "0.60000000",
        "quoteQty": "0.10113600",
        "time": 1629622094740,
        "isBuyerMaker": true,
        "isBestMatch": true
    },
    {
        "id": 3123711,
        "price": "0.16854000",
        "qty": "0.70000000",
        "quoteQty": "0.11797800",
        "time": 1629622094775,
        "isBuyerMaker": true,
        "isBestMatch": true
    },
    {
        "id": 3123712,
        "price": "0.16852000",
        "qty": "0.70000000",
        "quoteQty": "0.11796400",
        "time": 1629622095036,
        "isBuyerMaker": true,
        "isBestMatch": true
    },
    {
        "id": 3123713,
        "price": "0.16851000",
        "qty": "1.40000000",
        "quoteQty": "0.23591400",
        "time": 1629622095383,
        "isBuyerMaker": true,
        "isBestMatch": true
    },
    {
        "id": 3123714,
        "price": "0.16842000",
        "qty": "0.60000000",
        "quoteQty": "0.10105200",
        "time": 1629622103075,
        "isBuyerMaker": true,
        "isBestMatch": true
    },
    {
        "id": 3123715,
        "price": "0.16842000",
        "qty": "1.00000000",
        "quoteQty": "0.16842000",
        "time": 1629622103075,
        "isBuyerMaker": true,
        "isBestMatch": true
    },
    {
        "id": 3123716,
        "price": "0.16842000",
        "qty": "0.70000000",
        "quoteQty": "0.11789400",
        "time": 1629622103075,
        "isBuyerMaker": true,
        "isBestMatch": true
    },
    {
        "id": 3123717,
        "price": "0.16854000",
        "qty": "0.50000000",
        "quoteQty": "0.08427000",
        "time": 1629622104921,
        "isBuyerMaker": false,
        "isBestMatch": true
    },
    {
        "id": 3123718,
        "price": "0.16875000",
        "qty": "22.60000000",
        "quoteQty": "3.81375000",
        "time": 1629622156286,
        "isBuyerMaker": false,
        "isBestMatch": true
    },
    {
        "id": 3123719,
        "price": "0.16875000",
        "qty": "10.00000000",
        "quoteQty": "1.68750000",
        "time": 1629622156289,
        "isBuyerMaker": false,
        "isBestMatch": true
    },
    {
        "id": 3123720,
        "price": "0.16888000",
        "qty": "0.80000000",
        "quoteQty": "0.13510400",
        "time": 1629622159424,
        "isBuyerMaker": false,
        "isBestMatch": true
    },
    {
        "id": 3123721,
        "price": "0.16876000",
        "qty": "6.30000000",
        "quoteQty": "1.06318800",
        "time": 1629622202688,
        "isBuyerMaker": false,
        "isBestMatch": true
    },
    {
        "id": 3123722,
        "price": "0.16876000",
        "qty": "0.50000000",
        "quoteQty": "0.08438000",
        "time": 1629622202712,
        "isBuyerMaker": false,
        "isBestMatch": true
    },
    {
        "id": 3123723,
        "price": "0.16876000",
        "qty": "6.30000000",
        "quoteQty": "1.06318800",
        "time": 1629622202718,
        "isBuyerMaker": false,
        "isBestMatch": true
    },
    {
        "id": 3123724,
        "price": "0.16880000",
        "qty": "9.30000000",
        "quoteQty": "1.56984000",
        "time": 1629622202892,
        "isBuyerMaker": false,
        "isBestMatch": true
    },
    {
        "id": 3123725,
        "price": "0.16880000",
        "qty": "14.00000000",
        "quoteQty": "2.36320000",
        "time": 1629622202902,
        "isBuyerMaker": false,
        "isBestMatch": true
    },
    {
        "id": 3123726,
        "price": "0.16893000",
        "qty": "32.60000000",
        "quoteQty": "5.50711800",
        "time": 1629622209385,
        "isBuyerMaker": false,
        "isBestMatch": true
    },
    {
        "id": 3123727,
        "price": "0.16856000",
        "qty": "10.20000000",
        "quoteQty": "1.71931200",
        "time": 1629622257419,
        "isBuyerMaker": false,
        "isBestMatch": true
    },
    {
        "id": 3123728,
        "price": "0.16841000",
        "qty": "0.90000000",
        "quoteQty": "0.15156900",
        "time": 1629622267765,
        "isBuyerMaker": true,
        "isBestMatch": true
    },
    {
        "id": 3123729,
        "price": "0.16841000",
        "qty": "0.60000000",
        "quoteQty": "0.10104600",
        "time": 1629622267765,
        "isBuyerMaker": true,
        "isBestMatch": true
    },
    {
        "id": 3123730,
        "price": "0.16840000",
        "qty": "0.60000000",
        "quoteQty": "0.10104000",
        "time": 1629622268520,
        "isBuyerMaker": true,
        "isBestMatch": true
    },
    {
        "id": 3123731,
        "price": "0.16838000",
        "qty": "0.50000000",
        "quoteQty": "0.08419000",
        "time": 1629622268781,
        "isBuyerMaker": true,
        "isBestMatch": true
    },
    {
        "id": 3123732,
        "price": "0.16834000",
        "qty": "0.80000000",
        "quoteQty": "0.13467200",
        "time": 1629622268959,
        "isBuyerMaker": true,
        "isBestMatch": true
    },
    {
        "id": 3123733,
        "price": "0.16833000",
        "qty": "4.00000000",
        "quoteQty": "0.67332000",
        "time": 1629622268994,
        "isBuyerMaker": true,
        "isBestMatch": true
    },
    {
        "id": 3123734,
        "price": "0.16830000",
        "qty": "0.60000000",
        "quoteQty": "0.10098000",
        "time": 1629622269078,
        "isBuyerMaker": true,
        "isBestMatch": true
    },
    {
        "id": 3123735,
        "price": "0.16840000",
        "qty": "20.10000000",
        "quoteQty": "3.38484000",
        "time": 1629622274828,
        "isBuyerMaker": false,
        "isBestMatch": true
    },
    {
        "id": 3123736,
        "price": "0.16841000",
        "qty": "3.80000000",
        "quoteQty": "0.63995800",
        "time": 1629622274828,
        "isBuyerMaker": false,
        "isBestMatch": true
    },
    {
        "id": 3123737,
        "price": "0.16845000",
        "qty": "0.50000000",
        "quoteQty": "0.08422500",
        "time": 1629622307333,
        "isBuyerMaker": false,
        "isBestMatch": true
    },
    {
        "id": 3123738,
        "price": "0.16848000",
        "qty": "19.60000000",
        "quoteQty": "3.30220800",
        "time": 1629622340084,
        "isBuyerMaker": false,
        "isBestMatch": true
    },
    {
        "id": 3123739,
        "price": "0.16832000",
        "qty": "0.40000000",
        "quoteQty": "0.06732800",
        "time": 1629622357621,
        "isBuyerMaker": true,
        "isBestMatch": true
    },
    {
        "id": 3123740,
        "price": "0.16829000",
        "qty": "5.60000000",
        "quoteQty": "0.94242400",
        "time": 1629622357621,
        "isBuyerMaker": true,
        "isBestMatch": true
    },
    {
        "id": 3123741,
        "price": "0.16829000",
        "qty": "1.20000000",
        "quoteQty": "0.20194800",
        "time": 1629622367046,
        "isBuyerMaker": true,
        "isBestMatch": true
    },
    {
        "id": 3123742,
        "price": "0.16826000",
        "qty": "1.80000000",
        "quoteQty": "0.30286800",
        "time": 1629622370918,
        "isBuyerMaker": true,
        "isBestMatch": true
    },
    {
        "id": 3123743,
        "price": "0.16826000",
        "qty": "0.60000000",
        "quoteQty": "0.10095600",
        "time": 1629622370918,
        "isBuyerMaker": true,
        "isBestMatch": true
    },
    {
        "id": 3123744,
        "price": "0.16830000",
        "qty": "13.10000000",
        "quoteQty": "2.20473000",
        "time": 1629622373470,
        "isBuyerMaker": false,
        "isBestMatch": true
    },
    {
        "id": 3123745,
        "price": "0.16829000",
        "qty": "1.30000000",
        "quoteQty": "0.21877700",
        "time": 1629622384046,
        "isBuyerMaker": true,
        "isBestMatch": true
    },
    {
        "id": 3123746,
        "price": "0.16821000",
        "qty": "0.70000000",
        "quoteQty": "0.11774700",
        "time": 1629622410300,
        "isBuyerMaker": true,
        "isBestMatch": true
    },
    {
        "id": 3123747,
        "price": "0.16819000",
        "qty": "4.20000000",
        "quoteQty": "0.70639800",
        "time": 1629622410385,
        "isBuyerMaker": true,
        "isBestMatch": true
    },
    {
        "id": 3123748,
        "price": "0.16819000",
        "qty": "0.70000000",
        "quoteQty": "0.11773300",
        "time": 1629622410385,
        "isBuyerMaker": true,
        "isBestMatch": true
    },
    {
        "id": 3123749,
        "price": "0.16857000",
        "qty": "0.30000000",
        "quoteQty": "0.05057100",
        "time": 1629622470943,
        "isBuyerMaker": false,
        "isBestMatch": true
    },
    {
        "id": 3123750,
        "price": "0.16844000",
        "qty": "1.00000000",
        "quoteQty": "0.16844000",
        "time": 1629622481333,
        "isBuyerMaker": false,
        "isBestMatch": true
    },
    {
        "id": 3123751,
        "price": "0.16833000",
        "qty": "1.30000000",
        "quoteQty": "0.21882900",
        "time": 1629622556318,
        "isBuyerMaker": false,
        "isBestMatch": true
    },
    {
        "id": 3123752,
        "price": "0.16836000",
        "qty": "0.80000000",
        "quoteQty": "0.13468800",
        "time": 1629622556318,
        "isBuyerMaker": false,
        "isBestMatch": true
    },
    {
        "id": 3123753,
        "price": "0.16811000",
        "qty": "0.60000000",
        "quoteQty": "0.10086600",
        "time": 1629622565926,
        "isBuyerMaker": true,
        "isBestMatch": true
    },
    {
        "id": 3123754,
        "price": "0.16809000",
        "qty": "3.50000000",
        "quoteQty": "0.58831500",
        "time": 1629622565926,
        "isBuyerMaker": true,
        "isBestMatch": true
    },
    {
        "id": 3123755,
        "price": "0.16806000",
        "qty": "1.00000000",
        "quoteQty": "0.16806000",
        "time": 1629622565926,
        "isBuyerMaker": true,
        "isBestMatch": true
    },
    {
        "id": 3123756,
        "price": "0.16826000",
        "qty": "58.40000000",
        "quoteQty": "9.82638400",
        "time": 1629622630343,
        "isBuyerMaker": true,
        "isBestMatch": true
    },
    {
        "id": 3123757,
        "price": "0.16825000",
        "qty": "32.70000000",
        "quoteQty": "5.50177500",
        "time": 1629622630362,
        "isBuyerMaker": true,
        "isBestMatch": true
    },
    {
        "id": 3123758,
        "price": "0.16807000",
        "qty": "6.90000000",
        "quoteQty": "1.15968300",
        "time": 1629622630400,
        "isBuyerMaker": true,
        "isBestMatch": true
    },
    {
        "id": 3123759,
        "price": "0.16807000",
        "qty": "16.00000000",
        "quoteQty": "2.68912000",
        "time": 1629622630400,
        "isBuyerMaker": true,
        "isBestMatch": true
    },
    {
        "id": 3123760,
        "price": "0.16807000",
        "qty": "6.90000000",
        "quoteQty": "1.15968300",
        "time": 1629622630408,
        "isBuyerMaker": true,
        "isBestMatch": true
    },
    {
        "id": 3123761,
        "price": "0.16806000",
        "qty": "0.50000000",
        "quoteQty": "0.08403000",
        "time": 1629622638980,
        "isBuyerMaker": true,
        "isBestMatch": true
    },
    {
        "id": 3123762,
        "price": "0.16806000",
        "qty": "1.20000000",
        "quoteQty": "0.20167200",
        "time": 1629622662597,
        "isBuyerMaker": true,
        "isBestMatch": true
    },
    {
        "id": 3123763,
        "price": "0.16806000",
        "qty": "34.10000000",
        "quoteQty": "5.73084600",
        "time": 1629622662597,
        "isBuyerMaker": true,
        "isBestMatch": true
    },
    {
        "id": 3123764,
        "price": "0.16800000",
        "qty": "0.40000000",
        "quoteQty": "0.06720000",
        "time": 1629622662612,
        "isBuyerMaker": true,
        "isBestMatch": true
    },
    {
        "id": 3123765,
        "price": "0.16800000",
        "qty": "16.30000000",
        "quoteQty": "2.73840000",
        "time": 1629622662612,
        "isBuyerMaker": true,
        "isBestMatch": true
    },
    {
        "id": 3123766,
        "price": "0.16800000",
        "qty": "1.80000000",
        "quoteQty": "0.30240000",
        "time": 1629622662615,
        "isBuyerMaker": true,
        "isBestMatch": true
    },
    {
        "id": 3123767,
        "price": "0.16800000",
        "qty": "14.60000000",
        "quoteQty": "2.45280000",
        "time": 1629622662623,
        "isBuyerMaker": true,
        "isBestMatch": true
    },
    {
        "id": 3123768,
        "price": "0.16797000",
        "qty": "0.30000000",
        "quoteQty": "0.05039100",
        "time": 1629622662623,
        "isBuyerMaker": true,
        "isBestMatch": true
    },
    {
        "id": 3123769,
        "price": "0.16797000",
        "qty": "13.60000000",
        "quoteQty": "2.28439200",
        "time": 1629622662624,
        "isBuyerMaker": true,
        "isBestMatch": true
    },
    {
        "id": 3123770,
        "price": "0.16793000",
        "qty": "0.60000000",
        "quoteQty": "0.10075800",
        "time": 1629622662706,
        "isBuyerMaker": true,
        "isBestMatch": true
    },
    {
        "id": 3123771,
        "price": "0.16792000",
        "qty": "6.00000000",
        "quoteQty": "1.00752000",
        "time": 1629622662706,
        "isBuyerMaker": true,
        "isBestMatch": true
    },
    {
        "id": 3123772,
        "price": "0.16790000",
        "qty": "1.40000000",
        "quoteQty": "0.23506000",
        "time": 1629622662774,
        "isBuyerMaker": true,
        "isBestMatch": true
    },
    {
        "id": 3123773,
        "price": "0.16789000",
        "qty": "0.70000000",
        "quoteQty": "0.11752300",
        "time": 1629622662854,
        "isBuyerMaker": true,
        "isBestMatch": true
    },
    {
        "id": 3123774,
        "price": "0.16789000",
        "qty": "1.20000000",
        "quoteQty": "0.20146800",
        "time": 1629622662854,
        "isBuyerMaker": true,
        "isBestMatch": true
    },
    {
        "id": 3123775,
        "price": "0.16788000",
        "qty": "0.60000000",
        "quoteQty": "0.10072800",
        "time": 1629622663747,
        "isBuyerMaker": true,
        "isBestMatch": true
    },
    {
        "id": 3123776,
        "price": "0.16786000",
        "qty": "0.70000000",
        "quoteQty": "0.11750200",
        "time": 1629622664016,
        "isBuyerMaker": true,
        "isBestMatch": true
    },
    {
        "id": 3123777,
        "price": "0.16784000",
        "qty": "0.30000000",
        "quoteQty": "0.05035200",
        "time": 1629622664483,
        "isBuyerMaker": true,
        "isBestMatch": true
    },
    {
        "id": 3123778,
        "price": "0.16780000",
        "qty": "0.70000000",
        "quoteQty": "0.11746000",
        "time": 1629622664993,
        "isBuyerMaker": true,
        "isBestMatch": true
    },
    {
        "id": 3123779,
        "price": "0.16776000",
        "qty": "0.60000000",
        "quoteQty": "0.10065600",
        "time": 1629622676380,
        "isBuyerMaker": true,
        "isBestMatch": true
    },
    {
        "id": 3123780,
        "price": "0.16775000",
        "qty": "0.80000000",
        "quoteQty": "0.13420000",
        "time": 1629622676390,
        "isBuyerMaker": true,
        "isBestMatch": true
    },
    {
        "id": 3123781,
        "price": "0.16773000",
        "qty": "3.80000000",
        "quoteQty": "0.63737400",
        "time": 1629622676429,
        "isBuyerMaker": true,
        "isBestMatch": true
    },
    {
        "id": 3123782,
        "price": "0.16773000",
        "qty": "4.10000000",
        "quoteQty": "0.68769300",
        "time": 1629622678225,
        "isBuyerMaker": true,
        "isBestMatch": true
    },
    {
        "id": 3123783,
        "price": "0.16772000",
        "qty": "10.70000000",
        "quoteQty": "1.79460400",
        "time": 1629622682614,
        "isBuyerMaker": false,
        "isBestMatch": true
    },
    {
        "id": 3123784,
        "price": "0.16773000",
        "qty": "31.10000000",
        "quoteQty": "5.21640300",
        "time": 1629622682641,
        "isBuyerMaker": false,
        "isBestMatch": true
    },
    {
        "id": 3123785,
        "price": "0.16774000",
        "qty": "13.20000000",
        "quoteQty": "2.21416800",
        "time": 1629622687272,
        "isBuyerMaker": false,
        "isBestMatch": true
    },
    {
        "id": 3123786,
        "price": "0.16778000",
        "qty": "13.20000000",
        "quoteQty": "2.21469600",
        "time": 1629622687692,
        "isBuyerMaker": false,
        "isBestMatch": true
    },
    {
        "id": 3123787,
        "price": "0.16817000",
        "qty": "13.10000000",
        "quoteQty": "2.20302700",
        "time": 1629622739986,
        "isBuyerMaker": false,
        "isBestMatch": true
    },
    {
        "id": 3123788,
        "price": "0.16855000",
        "qty": "0.70000000",
        "quoteQty": "0.11798500",
        "time": 1629622760512,
        "isBuyerMaker": false,
        "isBestMatch": true
    },
    {
        "id": 3123789,
        "price": "0.16857000",
        "qty": "10.70000000",
        "quoteQty": "1.80369900",
        "time": 1629622763432,
        "isBuyerMaker": true,
        "isBestMatch": true
    },
    {
        "id": 3123790,
        "price": "0.16857000",
        "qty": "21.40000000",
        "quoteQty": "3.60739800",
        "time": 1629622763432,
        "isBuyerMaker": true,
        "isBestMatch": true
    },
    {
        "id": 3123791,
        "price": "0.16857000",
        "qty": "10.70000000",
        "quoteQty": "1.80369900",
        "time": 1629622763443,
        "isBuyerMaker": true,
        "isBestMatch": true
    },
    {
        "id": 3123792,
        "price": "0.16871000",
        "qty": "29.60000000",
        "quoteQty": "4.99381600",
        "time": 1629622765291,
        "isBuyerMaker": false,
        "isBestMatch": true
    },
    {
        "id": 3123793,
        "price": "0.16856000",
        "qty": "0.70000000",
        "quoteQty": "0.11799200",
        "time": 1629622765295,
        "isBuyerMaker": true,
        "isBestMatch": true
    },
    {
        "id": 3123794,
        "price": "0.16855000",
        "qty": "5.30000000",
        "quoteQty": "0.89331500",
        "time": 1629622765295,
        "isBuyerMaker": true,
        "isBestMatch": true
    },
    {
        "id": 3123795,
        "price": "0.16858000",
        "qty": "2.60000000",
        "quoteQty": "0.43830800",
        "time": 1629622795495,
        "isBuyerMaker": false,
        "isBestMatch": true
    },
    {
        "id": 3123796,
        "price": "0.16858000",
        "qty": "5.00000000",
        "quoteQty": "0.84290000",
        "time": 1629622797478,
        "isBuyerMaker": false,
        "isBestMatch": true
    },
    {
        "id": 3123797,
        "price": "0.16856000",
        "qty": "4.90000000",
        "quoteQty": "0.82594400",
        "time": 1629622799476,
        "isBuyerMaker": false,
        "isBestMatch": true
    },
    {
        "id": 3123798,
        "price": "0.16856000",
        "qty": "4.90000000",
        "quoteQty": "0.82594400",
        "time": 1629622800478,
        "isBuyerMaker": false,
        "isBestMatch": true
    },
    {
        "id": 3123799,
        "price": "0.16844000",
        "qty": "13.10000000",
        "quoteQty": "2.20656400",
        "time": 1629622831514,
        "isBuyerMaker": false,
        "isBestMatch": true
    },
    {
        "id": 3123800,
        "price": "0.16845000",
        "qty": "32.10000000",
        "quoteQty": "5.40724500",
        "time": 1629622862785,
        "isBuyerMaker": true,
        "isBestMatch": true
    },
    {
        "id": 3123801,
        "price": "0.16832000",
        "qty": "13.10000000",
        "quoteQty": "2.20499200",
        "time": 1629622872150,
        "isBuyerMaker": false,
        "isBestMatch": true
    },
    {
        "id": 3123802,
        "price": "0.16847000",
        "qty": "0.80000000",
        "quoteQty": "0.13477600",
        "time": 1629622916049,
        "isBuyerMaker": true,
        "isBestMatch": true
    },
    {
        "id": 3123803,
        "price": "0.16851000",
        "qty": "1.50000000",
        "quoteQty": "0.25276500",
        "time": 1629622985376,
        "isBuyerMaker": false,
        "isBestMatch": true
    },
    {
        "id": 3123804,
        "price": "0.16847000",
        "qty": "6.60000000",
        "quoteQty": "1.11190200",
        "time": 1629623002636,
        "isBuyerMaker": true,
        "isBestMatch": true
    },
    {
        "id": 3123805,
        "price": "0.16849000",
        "qty": "6.70000000",
        "quoteQty": "1.12888300",
        "time": 1629623004633,
        "isBuyerMaker": true,
        "isBestMatch": true
    },
    {
        "id": 3123806,
        "price": "0.16849000",
        "qty": "6.70000000",
        "quoteQty": "1.12888300",
        "time": 1629623005636,
        "isBuyerMaker": true,
        "isBestMatch": true
    },
    {
        "id": 3123807,
        "price": "0.16832000",
        "qty": "11.00000000",
        "quoteQty": "1.85152000",
        "time": 1629623060437,
        "isBuyerMaker": true,
        "isBestMatch": true
    },
    {
        "id": 3123808,
        "price": "0.16832000",
        "qty": "10.70000000",
        "quoteQty": "1.80102400",
        "time": 1629623080177,
        "isBuyerMaker": false,
        "isBestMatch": true
    },
    {
        "id": 3123809,
        "price": "0.16794000",
        "qty": "0.40000000",
        "quoteQty": "0.06717600",
        "time": 1629623107818,
        "isBuyerMaker": true,
        "isBestMatch": true
    },
    {
        "id": 3123810,
        "price": "0.16794000",
        "qty": "9.30000000",
        "quoteQty": "1.56184200",
        "time": 1629623107818,
        "isBuyerMaker": true,
        "isBestMatch": true
    },
    {
        "id": 3123811,
        "price": "0.16809000",
        "qty": "0.30000000",
        "quoteQty": "0.05042700",
        "time": 1629623110568,
        "isBuyerMaker": false,
        "isBestMatch": true
    },
    {
        "id": 3123812,
        "price": "0.16789000",
        "qty": "0.70000000",
        "quoteQty": "0.11752300",
        "time": 1629623125977,
        "isBuyerMaker": true,
        "isBestMatch": true
    },
    {
        "id": 3123813,
        "price": "0.16789000",
        "qty": "1.10000000",
        "quoteQty": "0.18467900",
        "time": 1629623167838,
        "isBuyerMaker": false,
        "isBestMatch": true
    },
    {
        "id": 3123814,
        "price": "0.16785000",
        "qty": "2.20000000",
        "quoteQty": "0.36927000",
        "time": 1629623172078,
        "isBuyerMaker": false,
        "isBestMatch": true
    },
    {
        "id": 3123815,
        "price": "0.16770000",
        "qty": "0.60000000",
        "quoteQty": "0.10062000",
        "time": 1629623186730,
        "isBuyerMaker": true,
        "isBestMatch": true
    },
    {
        "id": 3123816,
        "price": "0.16770000",
        "qty": "2.90000000",
        "quoteQty": "0.48633000",
        "time": 1629623186730,
        "isBuyerMaker": true,
        "isBestMatch": true
    },
    {
        "id": 3123817,
        "price": "0.16783000",
        "qty": "41.00000000",
        "quoteQty": "6.88103000",
        "time": 1629623191730,
        "isBuyerMaker": false,
        "isBestMatch": true
    },
    {
        "id": 3123818,
        "price": "0.16785000",
        "qty": "2.10000000",
        "quoteQty": "0.35248500",
        "time": 1629623191738,
        "isBuyerMaker": false,
        "isBestMatch": true
    },
    {
        "id": 3123819,
        "price": "0.16785000",
        "qty": "11.00000000",
        "quoteQty": "1.84635000",
        "time": 1629623191739,
        "isBuyerMaker": false,
        "isBestMatch": true
    },
    {
        "id": 3123820,
        "price": "0.16789000",
        "qty": "13.10000000",
        "quoteQty": "2.19935900",
        "time": 1629623191756,
        "isBuyerMaker": false,
        "isBestMatch": true
    },
    {
        "id": 3123821,
        "price": "0.16788000",
        "qty": "26.60000000",
        "quoteQty": "4.46560800",
        "time": 1629623191775,
        "isBuyerMaker": false,
        "isBestMatch": true
    },
    {
        "id": 3123822,
        "price": "0.16787000",
        "qty": "8.90000000",
        "quoteQty": "1.49404300",
        "time": 1629623201083,
        "isBuyerMaker": true,
        "isBestMatch": true
    },
    {
        "id": 3123823,
        "price": "0.16819000",
        "qty": "0.90000000",
        "quoteQty": "0.15137100",
        "time": 1629623207183,
        "isBuyerMaker": false,
        "isBestMatch": true
    },
    {
        "id": 3123824,
        "price": "0.16807000",
        "qty": "13.10000000",
        "quoteQty": "2.20171700",
        "time": 1629623234553,
        "isBuyerMaker": true,
        "isBestMatch": true
    },
    {
        "id": 3123825,
        "price": "0.16803000",
        "qty": "13.10000000",
        "quoteQty": "2.20119300",
        "time": 1629623234588,
        "isBuyerMaker": true,
        "isBestMatch": true
    },
    {
        "id": 3123826,
        "price": "0.16800000",
        "qty": "19.60000000",
        "quoteQty": "3.29280000",
        "time": 1629623234679,
        "isBuyerMaker": true,
        "isBestMatch": true
    },
    {
        "id": 3123827,
        "price": "0.16795000",
        "qty": "13.10000000",
        "quoteQty": "2.20014500",
        "time": 1629623301708,
        "isBuyerMaker": false,
        "isBestMatch": true
    },
    {
        "id": 3123828,
        "price": "0.16791000",
        "qty": "13.10000000",
        "quoteQty": "2.19962100",
        "time": 1629623312530,
        "isBuyerMaker": false,
        "isBestMatch": true
    },
    {
        "id": 3123829,
        "price": "0.16795000",
        "qty": "6.60000000",
        "quoteQty": "1.10847000",
        "time": 1629623312747,
        "isBuyerMaker": false,
        "isBestMatch": true
    },
    {
        "id": 3123830,
        "price": "0.16801000",
        "qty": "13.10000000",
        "quoteQty": "2.20093100",
        "time": 1629623319842,
        "isBuyerMaker": false,
        "isBestMatch": true
    },
    {
        "id": 3123831,
        "price": "0.16785000",
        "qty": "0.80000000",
        "quoteQty": "0.13428000",
        "time": 1629623324578,
        "isBuyerMaker": true,
        "isBestMatch": true
    },
    {
        "id": 3123832,
        "price": "0.16788000",
        "qty": "30.00000000",
        "quoteQty": "5.03640000",
        "time": 1629623333189,
        "isBuyerMaker": true,
        "isBestMatch": true
    },
    {
        "id": 3123833,
        "price": "0.16801000",
        "qty": "5.40000000",
        "quoteQty": "0.90725400",
        "time": 1629623336127,
        "isBuyerMaker": false,
        "isBestMatch": true
    },
    {
        "id": 3123834,
        "price": "0.16803000",
        "qty": "0.30000000",
        "quoteQty": "0.05040900",
        "time": 1629623341791,
        "isBuyerMaker": false,
        "isBestMatch": true
    },
    {
        "id": 3123835,
        "price": "0.16797000",
        "qty": "5.90000000",
        "quoteQty": "0.99102300",
        "time": 1629623353960,
        "isBuyerMaker": false,
        "isBestMatch": true
    },
    {
        "id": 3123836,
        "price": "0.16796000",
        "qty": "13.10000000",
        "quoteQty": "2.20027600",
        "time": 1629623369176,
        "isBuyerMaker": true,
        "isBestMatch": true
    },
    {
        "id": 3123837,
        "price": "0.16794000",
        "qty": "2.20000000",
        "quoteQty": "0.36946800",
        "time": 1629623369176,
        "isBuyerMaker": true,
        "isBestMatch": true
    },
    {
        "id": 3123838,
        "price": "0.16793000",
        "qty": "15.40000000",
        "quoteQty": "2.58612200",
        "time": 1629623371176,
        "isBuyerMaker": true,
        "isBestMatch": true
    },
    {
        "id": 3123839,
        "price": "0.16793000",
        "qty": "15.40000000",
        "quoteQty": "2.58612200",
        "time": 1629623372179,
        "isBuyerMaker": true,
        "isBestMatch": true
    },
    {
        "id": 3123840,
        "price": "0.16819000",
        "qty": "13.10000000",
        "quoteQty": "2.20328900",
        "time": 1629623392680,
        "isBuyerMaker": false,
        "isBestMatch": true
    },
    {
        "id": 3123841,
        "price": "0.16823000",
        "qty": "11.40000000",
        "quoteQty": "1.91782200",
        "time": 1629623392694,
        "isBuyerMaker": false,
        "isBestMatch": true
    },
    {
        "id": 3123842,
        "price": "0.16823000",
        "qty": "21.30000000",
        "quoteQty": "3.58329900",
        "time": 1629623392694,
        "isBuyerMaker": false,
        "isBestMatch": true
    },
    {
        "id": 3123843,
        "price": "0.16828000",
        "qty": "7.20000000",
        "quoteQty": "1.21161600",
        "time": 1629623392768,
        "isBuyerMaker": false,
        "isBestMatch": true
    },
    {
        "id": 3123844,
        "price": "0.16828000",
        "qty": "25.50000000",
        "quoteQty": "4.29114000",
        "time": 1629623392769,
        "isBuyerMaker": false,
        "isBestMatch": true
    },
    {
        "id": 3123845,
        "price": "0.16819000",
        "qty": "0.40000000",
        "quoteQty": "0.06727600",
        "time": 1629623469441,
        "isBuyerMaker": false,
        "isBestMatch": true
    },
    {
        "id": 3123846,
        "price": "0.16805000",
        "qty": "1.90000000",
        "quoteQty": "0.31929500",
        "time": 1629623478400,
        "isBuyerMaker": true,
        "isBestMatch": true
    },
    {
        "id": 3123847,
        "price": "0.16821000",
        "qty": "0.60000000",
        "quoteQty": "0.10092600",
        "time": 1629623510294,
        "isBuyerMaker": false,
        "isBestMatch": true
    },
    {
        "id": 3123848,
        "price": "0.16792000",
        "qty": "0.40000000",
        "quoteQty": "0.06716800",
        "time": 1629623599549,
        "isBuyerMaker": true,
        "isBestMatch": true
    },
    {
        "id": 3123849,
        "price": "0.16807000",
        "qty": "0.60000000",
        "quoteQty": "0.10084200",
        "time": 1629623610823,
        "isBuyerMaker": false,
        "isBestMatch": true
    },
    {
        "id": 3123850,
        "price": "0.16808000",
        "qty": "0.30000000",
        "quoteQty": "0.05042400",
        "time": 1629623664527,
        "isBuyerMaker": false,
        "isBestMatch": true
    },
    {
        "id": 3123851,
        "price": "0.16801000",
        "qty": "0.50000000",
        "quoteQty": "0.08400500",
        "time": 1629623707099,
        "isBuyerMaker": true,
        "isBestMatch": true
    },
    {
        "id": 3123852,
        "price": "0.16809000",
        "qty": "5.90000000",
        "quoteQty": "0.99173100",
        "time": 1629623710372,
        "isBuyerMaker": false,
        "isBestMatch": true
    },
    {
        "id": 3123853,
        "price": "0.16806000",
        "qty": "7.20000000",
        "quoteQty": "1.21003200",
        "time": 1629623767455,
        "isBuyerMaker": false,
        "isBestMatch": true
    },
    {
        "id": 3123854,
        "price": "0.16806000",
        "qty": "9.50000000",
        "quoteQty": "1.59657000",
        "time": 1629623767469,
        "isBuyerMaker": false,
        "isBestMatch": true
    },
    {
        "id": 3123855,
        "price": "0.16794000",
        "qty": "3.60000000",
        "quoteQty": "0.60458400",
        "time": 1629623825130,
        "isBuyerMaker": true,
        "isBestMatch": true
    },
    {
        "id": 3123856,
        "price": "0.16794000",
        "qty": "3.70000000",
        "quoteQty": "0.62137800",
        "time": 1629623827130,
        "isBuyerMaker": true,
        "isBestMatch": true
    },
    {
        "id": 3123857,
        "price": "0.16796000",
        "qty": "3.70000000",
        "quoteQty": "0.62145200",
        "time": 1629623828127,
        "isBuyerMaker": true,
        "isBestMatch": true
    },
    {
        "id": 3123858,
        "price": "0.16796000",
        "qty": "6.20000000",
        "quoteQty": "1.04135200",
        "time": 1629623828733,
        "isBuyerMaker": true,
        "isBestMatch": true
    },
    {
        "id": 3123859,
        "price": "0.16790000",
        "qty": "6.10000000",
        "quoteQty": "1.02419000",
        "time": 1629623830735,
        "isBuyerMaker": true,
        "isBestMatch": true
    },
    {
        "id": 3123860,
        "price": "0.16793000",
        "qty": "6.10000000",
        "quoteQty": "1.02437300",
        "time": 1629623831734,
        "isBuyerMaker": true,
        "isBestMatch": true
    },
    {
        "id": 3123861,
        "price": "0.16806000",
        "qty": "13.30000000",
        "quoteQty": "2.23519800",
        "time": 1629623835657,
        "isBuyerMaker": false,
        "isBestMatch": true
    },
    {
        "id": 3123862,
        "price": "0.16795000",
        "qty": "0.80000000",
        "quoteQty": "0.13436000",
        "time": 1629623876742,
        "isBuyerMaker": true,
        "isBestMatch": true
    },
    {
        "id": 3123863,
        "price": "0.16806000",
        "qty": "5.90000000",
        "quoteQty": "0.99155400",
        "time": 1629623887526,
        "isBuyerMaker": false,
        "isBestMatch": true
    },
    {
        "id": 3123864,
        "price": "0.16800000",
        "qty": "0.50000000",
        "quoteQty": "0.08400000",
        "time": 1629623899295,
        "isBuyerMaker": false,
        "isBestMatch": true
    },
    {
        "id": 3123865,
        "price": "0.16792000",
        "qty": "0.70000000",
        "quoteQty": "0.11754400",
        "time": 1629623902270,
        "isBuyerMaker": true,
        "isBestMatch": true
    },
    {
        "id": 3123866,
        "price": "0.16792000",
        "qty": "9.70000000",
        "quoteQty": "1.62882400",
        "time": 1629623902279,
        "isBuyerMaker": true,
        "isBestMatch": true
    },
    {
        "id": 3123867,
        "price": "0.16792000",
        "qty": "9.30000000",
        "quoteQty": "1.56165600",
        "time": 1629623907473,
        "isBuyerMaker": false,
        "isBestMatch": true
    },
    {
        "id": 3123868,
        "price": "0.16798000",
        "qty": "0.70000000",
        "quoteQty": "0.11758600",
        "time": 1629623917875,
        "isBuyerMaker": false,
        "isBestMatch": true
    },
    {
        "id": 3123869,
        "price": "0.16796000",
        "qty": "1.30000000",
        "quoteQty": "0.21834800",
        "time": 1629623937614,
        "isBuyerMaker": false,
        "isBestMatch": true
    },
    {
        "id": 3123870,
        "price": "0.16780000",
        "qty": "1.90000000",
        "quoteQty": "0.31882000",
        "time": 1629623941336,
        "isBuyerMaker": true,
        "isBestMatch": true
    },
    {
        "id": 3123871,
        "price": "0.16786000",
        "qty": "13.10000000",
        "quoteQty": "2.19896600",
        "time": 1629623947775,
        "isBuyerMaker": true,
        "isBestMatch": true
    },
    {
        "id": 3123872,
        "price": "0.16786000",
        "qty": "0.90000000",
        "quoteQty": "0.15107400",
        "time": 1629623947796,
        "isBuyerMaker": false,
        "isBestMatch": true
    },
    {
        "id": 3123873,
        "price": "0.16798000",
        "qty": "0.30000000",
        "quoteQty": "0.05039400",
        "time": 1629623950879,
        "isBuyerMaker": false,
        "isBestMatch": true
    },
    {
        "id": 3123874,
        "price": "0.16798000",
        "qty": "0.40000000",
        "quoteQty": "0.06719200",
        "time": 1629623952249,
        "isBuyerMaker": false,
        "isBestMatch": true
    },
    {
        "id": 3123875,
        "price": "0.16794000",
        "qty": "0.50000000",
        "quoteQty": "0.08397000",
        "time": 1629623956834,
        "isBuyerMaker": false,
        "isBestMatch": true
    },
    {
        "id": 3123876,
        "price": "0.16764000",
        "qty": "4.20000000",
        "quoteQty": "0.70408800",
        "time": 1629624071390,
        "isBuyerMaker": true,
        "isBestMatch": true
    },
    {
        "id": 3123877,
        "price": "0.16764000",
        "qty": "2.40000000",
        "quoteQty": "0.40233600",
        "time": 1629624071390,
        "isBuyerMaker": true,
        "isBestMatch": true
    },
    {
        "id": 3123878,
        "price": "0.16763000",
        "qty": "0.70000000",
        "quoteQty": "0.11734100",
        "time": 1629624074260,
        "isBuyerMaker": true,
        "isBestMatch": true
    },
    {
        "id": 3123879,
        "price": "0.16763000",
        "qty": "0.70000000",
        "quoteQty": "0.11734100",
        "time": 1629624074260,
        "isBuyerMaker": true,
        "isBestMatch": true
    },
    {
        "id": 3123880,
        "price": "0.16763000",
        "qty": "0.80000000",
        "quoteQty": "0.13410400",
        "time": 1629624074260,
        "isBuyerMaker": true,
        "isBestMatch": true
    },
    {
        "id": 3123881,
        "price": "0.16762000",
        "qty": "0.60000000",
        "quoteQty": "0.10057200",
        "time": 1629624074260,
        "isBuyerMaker": true,
        "isBestMatch": true
    },
    {
        "id": 3123882,
        "price": "0.16760000",
        "qty": "0.80000000",
        "quoteQty": "0.13408000",
        "time": 1629624074260,
        "isBuyerMaker": true,
        "isBestMatch": true
    },
    {
        "id": 3123883,
        "price": "0.16757000",
        "qty": "0.70000000",
        "quoteQty": "0.11729900",
        "time": 1629624074260,
        "isBuyerMaker": true,
        "isBestMatch": true
    },
    {
        "id": 3123884,
        "price": "0.16757000",
        "qty": "0.90000000",
        "quoteQty": "0.15081300",
        "time": 1629624074260,
        "isBuyerMaker": true,
        "isBestMatch": true
    },
    {
        "id": 3123885,
        "price": "0.16756000",
        "qty": "0.60000000",
        "quoteQty": "0.10053600",
        "time": 1629624074260,
        "isBuyerMaker": true,
        "isBestMatch": true
    },
    {
        "id": 3123886,
        "price": "0.16755000",
        "qty": "0.20000000",
        "quoteQty": "0.03351000",
        "time": 1629624074260,
        "isBuyerMaker": true,
        "isBestMatch": true
    },
    {
        "id": 3123887,
        "price": "0.16755000",
        "qty": "0.10000000",
        "quoteQty": "0.01675500",
        "time": 1629624118978,
        "isBuyerMaker": true,
        "isBestMatch": true
    },
    {
        "id": 3123888,
        "price": "0.16755000",
        "qty": "0.40000000",
        "quoteQty": "0.06702000",
        "time": 1629624118978,
        "isBuyerMaker": true,
        "isBestMatch": true
    },
    {
        "id": 3123889,
        "price": "0.16755000",
        "qty": "0.90000000",
        "quoteQty": "0.15079500",
        "time": 1629624128397,
        "isBuyerMaker": true,
        "isBestMatch": true
    },
    {
        "id": 3123890,
        "price": "0.16754000",
        "qty": "1.80000000",
        "quoteQty": "0.30157200",
        "time": 1629624128449,
        "isBuyerMaker": true,
        "isBestMatch": true
    },
    {
        "id": 3123891,
        "price": "0.16754000",
        "qty": "3.40000000",
        "quoteQty": "0.56963600",
        "time": 1629624128549,
        "isBuyerMaker": true,
        "isBestMatch": true
    },
    {
        "id": 3123892,
        "price": "0.16754000",
        "qty": "1.30000000",
        "quoteQty": "0.21780200",
        "time": 1629624128549,
        "isBuyerMaker": true,
        "isBestMatch": true
    },
    {
        "id": 3123893,
        "price": "0.16751000",
        "qty": "0.60000000",
        "quoteQty": "0.10050600",
        "time": 1629624160571,
        "isBuyerMaker": true,
        "isBestMatch": true
    },
    {
        "id": 3123894,
        "price": "0.16751000",
        "qty": "0.60000000",
        "quoteQty": "0.10050600",
        "time": 1629624160571,
        "isBuyerMaker": true,
        "isBestMatch": true
    },
    {
        "id": 3123895,
        "price": "0.16750000",
        "qty": "1.20000000",
        "quoteQty": "0.20100000",
        "time": 1629624160596,
        "isBuyerMaker": true,
        "isBestMatch": true
    },
    {
        "id": 3123896,
        "price": "0.16751000",
        "qty": "10.40000000",
        "quoteQty": "1.74210400",
        "time": 1629624161305,
        "isBuyerMaker": true,
        "isBestMatch": true
    },
    {
        "id": 3123897,
        "price": "0.16752000",
        "qty": "0.50000000",
        "quoteQty": "0.08376000",
        "time": 1629624161951,
        "isBuyerMaker": false,
        "isBestMatch": true
    },
    {
        "id": 3123898,
        "price": "0.16748000",
        "qty": "0.60000000",
        "quoteQty": "0.10048800",
        "time": 1629624174116,
        "isBuyerMaker": true,
        "isBestMatch": true
    },
    {
        "id": 3123899,
        "price": "0.16748000",
        "qty": "0.70000000",
        "quoteQty": "0.11723600",
        "time": 1629624174116,
        "isBuyerMaker": true,
        "isBestMatch": true
    },
    {
        "id": 3123900,
        "price": "0.16746000",
        "qty": "0.60000000",
        "quoteQty": "0.10047600",
        "time": 1629624175745,
        "isBuyerMaker": true,
        "isBestMatch": true
    },
    {
        "id": 3123901,
        "price": "0.16746000",
        "qty": "0.70000000",
        "quoteQty": "0.11722200",
        "time": 1629624175745,
        "isBuyerMaker": true,
        "isBestMatch": true
    },
    {
        "id": 3123902,
        "price": "0.16744000",
        "qty": "2.30000000",
        "quoteQty": "0.38511200",
        "time": 1629624175916,
        "isBuyerMaker": true,
        "isBestMatch": true
    },
    {
        "id": 3123903,
        "price": "0.16743000",
        "qty": "1.80000000",
        "quoteQty": "0.30137400",
        "time": 1629624175916,
        "isBuyerMaker": true,
        "isBestMatch": true
    },
    {
        "id": 3123904,
        "price": "0.16740000",
        "qty": "0.70000000",
        "quoteQty": "0.11718000",
        "time": 1629624175916,
        "isBuyerMaker": true,
        "isBestMatch": true
    },
    {
        "id": 3123905,
        "price": "0.16739000",
        "qty": "0.70000000",
        "quoteQty": "0.11717300",
        "time": 1629624175916,
        "isBuyerMaker": true,
        "isBestMatch": true
    },
    {
        "id": 3123906,
        "price": "0.16736000",
        "qty": "0.60000000",
        "quoteQty": "0.10041600",
        "time": 1629624175916,
        "isBuyerMaker": true,
        "isBestMatch": true
    },
    {
        "id": 3123907,
        "price": "0.16738000",
        "qty": "37.90000000",
        "quoteQty": "6.34370200",
        "time": 1629624214012,
        "isBuyerMaker": false,
        "isBestMatch": true
    },
    {
        "id": 3123908,
        "price": "0.16739000",
        "qty": "3.80000000",
        "quoteQty": "0.63608200",
        "time": 1629624214012,
        "isBuyerMaker": false,
        "isBestMatch": true
    },
    {
        "id": 3123909,
        "price": "0.16732000",
        "qty": "1.30000000",
        "quoteQty": "0.21751600",
        "time": 1629624217524,
        "isBuyerMaker": true,
        "isBestMatch": true
    },
    {
        "id": 3123910,
        "price": "0.16732000",
        "qty": "2.10000000",
        "quoteQty": "0.35137200",
        "time": 1629624217524,
        "isBuyerMaker": true,
        "isBestMatch": true
    },
    {
        "id": 3123911,
        "price": "0.16728000",
        "qty": "1.40000000",
        "quoteQty": "0.23419200",
        "time": 1629624219070,
        "isBuyerMaker": true,
        "isBestMatch": true
    },
    {
        "id": 3123912,
        "price": "0.16726000",
        "qty": "0.60000000",
        "quoteQty": "0.10035600",
        "time": 1629624219140,
        "isBuyerMaker": true,
        "isBestMatch": true
    },
    {
        "id": 3123913,
        "price": "0.16725000",
        "qty": "0.70000000",
        "quoteQty": "0.11707500",
        "time": 1629624219675,
        "isBuyerMaker": true,
        "isBestMatch": true
    },
    {
        "id": 3123914,
        "price": "0.16724000",
        "qty": "0.70000000",
        "quoteQty": "0.11706800",
        "time": 1629624229570,
        "isBuyerMaker": true,
        "isBestMatch": true
    },
    {
        "id": 3123915,
        "price": "0.16721000",
        "qty": "4.10000000",
        "quoteQty": "0.68556100",
        "time": 1629624229570,
        "isBuyerMaker": true,
        "isBestMatch": true
    },
    {
        "id": 3123916,
        "price": "0.16721000",
        "qty": "0.60000000",
        "quoteQty": "0.10032600",
        "time": 1629624229570,
        "isBuyerMaker": true,
        "isBestMatch": true
    },
    {
        "id": 3123917,
        "price": "0.16720000",
        "qty": "0.70000000",
        "quoteQty": "0.11704000",
        "time": 1629624229570,
        "isBuyerMaker": true,
        "isBestMatch": true
    },
    {
        "id": 3123918,
        "price": "0.16720000",
        "qty": "0.30000000",
        "quoteQty": "0.05016000",
        "time": 1629624229570,
        "isBuyerMaker": true,
        "isBestMatch": true
    },
    {
        "id": 3123919,
        "price": "0.16718000",
        "qty": "0.70000000",
        "quoteQty": "0.11702600",
        "time": 1629624229570,
        "isBuyerMaker": true,
        "isBestMatch": true
    },
    {
        "id": 3123920,
        "price": "0.16716000",
