[
    {
        "id": 86025718,
        "price": "0.00005299",
        "qty": "2551.00000000",
        "quoteQty": "0.13517749",
        "time": 1629628480759,
        "isBuyerMaker": true,
        "isBestMatch": true
    },
    {
        "id": 86025719,
        "price": "0.00005300",
        "qty": "63.00000000",
        "quoteQty": "0.00333900",
        "time": 1629628480987,
        "isBuyerMaker": true,
        "isBestMatch": true
    },
    {
        "id": 86025720,
        "price": "0.00005300",
        "qty": "31.00000000",
        "quoteQty": "0.00164300",
        "time": 1629628480987,
        "isBuyerMaker": true,
        "isBestMatch": true
    },
    {
        "id": 86025721,
        "price": "0.00005302",
        "qty": "7.00000000",
        "quoteQty": "0.00037114",
        "time": 1629628482878,
        "isBuyerMaker": false,
        "isBestMatch": true
    },
    {
        "id": 86025722,
        "price": "0.00005301",
        "qty": "21.00000000",
        "quoteQty": "0.00111321",
        "time": 1629628483616,
        "isBuyerMaker": true,
        "isBestMatch": true
    },
    {
        "id": 86025723,
        "price": "0.00005302",
        "qty": "82.00000000",
        "quoteQty": "0.00434764",
        "time": 1629628485297,
        "isBuyerMaker": false,
        "isBestMatch": true
    },
    {
        "id": 86025724,
        "price": "0.00005302",
        "qty": "82.00000000",
        "quoteQty": "0.00434764",
        "time": 1629628485297,
        "isBuyerMaker": false,
        "isBestMatch": true
    },
    {
        "id": 86025725,
        "price": "0.00005302",
        "qty": "41.00000000",
        "quoteQty": "0.00217382",
        "time": 1629628485448,
        "isBuyerMaker": true,
        "isBestMatch": true
    },
    {
        "id": 86025726,
        "price": "0.00005301",
        "qty": "54.00000000",
        "quoteQty": "0.00286254",
        "time": 1629628485448,
        "isBuyerMaker": true,
        "isBestMatch": true
    },
    {
        "id": 86025727,
        "price": "0.00005302",
        "qty": "62.00000000",
        "quoteQty": "0.00328724",
        "time": 1629628485495,
        "isBuyerMaker": false,
        "isBestMatch": true
    },
    {
        "id": 86025728,
        "price": "0.00005302",
        "qty": "20.00000000",
        "quoteQty": "0.00106040",
        "time": 1629628485747,
        "isBuyerMaker": false,
        "isBestMatch": true
    },
    {
        "id": 86025729,
        "price": "0.00005302",
        "qty": "59.00000000",
        "quoteQty": "0.00312818",
        "time": 1629628488038,
        "isBuyerMaker": true,
        "isBestMatch": true
    },
    {
        "id": 86025730,
        "price": "0.00005302",
        "qty": "41.00000000",
        "quoteQty": "0.00217382",
        "time": 1629628488038,
        "isBuyerMaker": true,
        "isBestMatch": true
    },
    {
        "id": 86025731,
        "price": "0.00005301",
        "qty": "30.00000000",
        "quoteQty": "0.00159030",
        "time": 1629628488038,
        "isBuyerMaker": true,
        "isBestMatch": true
    },
    {
        "id": 86025732,
        "price": "0.00005302",
        "qty": "1400.00000000",
        "quoteQty": "0.07422800",
        "time": 1629628493011,
        "isBuyerMaker": false,
        "isBestMatch": true
    },
    {
        "id": 86025733,
        "price": "0.00005302",
        "qty": "82.00000000",
        "quoteQty": "0.00434764",
        "time": 1629628493011,
        "isBuyerMaker": false,
        "isBestMatch": true
    },
    {
        "id": 86025734,
        "price": "0.00005303",
        "qty": "7.00000000",
        "quoteQty": "0.00037121",
        "time": 1629628497152,
        "isBuyerMaker": false,
        "isBestMatch": true
    },
    {
        "id": 86025735,
        "price": "0.00005302",
        "qty": "41.00000000",
        "quoteQty": "0.00217382",
        "time": 1629628499127,
        "isBuyerMaker": true,
        "isBestMatch": true
    },
    {
        "id": 86025736,
        "price": "0.00005301",
        "qty": "961.00000000",
        "quoteQty": "0.05094261",
        "time": 1629628499127,
        "isBuyerMaker": true,
        "isBestMatch": true
    },
    {
        "id": 86025737,
        "price": "0.00005302",
        "qty": "82.00000000",
        "quoteQty": "0.00434764",
        "time": 1629628499192,
        "isBuyerMaker": false,
        "isBestMatch": true
    },
    {
        "id": 86025738,
        "price": "0.00005303",
        "qty": "24.00000000",
        "quoteQty": "0.00127272",
        "time": 1629628503071,
        "isBuyerMaker": false,
        "isBestMatch": true
    },
    {
        "id": 86025739,
        "price": "0.00005303",
        "qty": "32.00000000",
        "quoteQty": "0.00169696",
        "time": 1629628504108,
        "isBuyerMaker": false,
        "isBestMatch": true
    },
    {
        "id": 86025740,
        "price": "0.00005303",
        "qty": "7.00000000",
        "quoteQty": "0.00037121",
        "time": 1629628504108,
        "isBuyerMaker": false,
        "isBestMatch": true
    },
    {
        "id": 86025741,
        "price": "0.00005303",
        "qty": "1492.00000000",
        "quoteQty": "0.07912076",
        "time": 1629628504370,
        "isBuyerMaker": false,
        "isBestMatch": true
    },
    {
        "id": 86025742,
        "price": "0.00005303",
        "qty": "26.00000000",
        "quoteQty": "0.00137878",
        "time": 1629628504370,
        "isBuyerMaker": false,
        "isBestMatch": true
    },
    {
        "id": 86025743,
        "price": "0.00005303",
        "qty": "4.00000000",
        "quoteQty": "0.00021212",
        "time": 1629628504733,
        "isBuyerMaker": true,
        "isBestMatch": true
    },
    {
        "id": 86025744,
        "price": "0.00005304",
        "qty": "31.00000000",
        "quoteQty": "0.00164424",
        "time": 1629628506648,
        "isBuyerMaker": false,
        "isBestMatch": true
    },
    {
        "id": 86025745,
        "price": "0.00005304",
        "qty": "41.00000000",
        "quoteQty": "0.00217464",
        "time": 1629628506648,
        "isBuyerMaker": false,
        "isBestMatch": true
    },
    {
        "id": 86025746,
        "price": "0.00005304",
        "qty": "80.00000000",
        "quoteQty": "0.00424320",
        "time": 1629628506648,
        "isBuyerMaker": false,
        "isBestMatch": true
    },
    {
        "id": 86025747,
        "price": "0.00005304",
        "qty": "5.00000000",
        "quoteQty": "0.00026520",
        "time": 1629628507376,
        "isBuyerMaker": true,
        "isBestMatch": true
    },
    {
        "id": 86025748,
        "price": "0.00005305",
        "qty": "3.00000000",
        "quoteQty": "0.00015915",
        "time": 1629628507678,
        "isBuyerMaker": false,
        "isBestMatch": true
    },
    {
        "id": 86025749,
        "price": "0.00005305",
        "qty": "38.00000000",
        "quoteQty": "0.00201590",
        "time": 1629628508648,
        "isBuyerMaker": false,
        "isBestMatch": true
    },
    {
        "id": 86025750,
        "price": "0.00005305",
        "qty": "41.00000000",
        "quoteQty": "0.00217505",
        "time": 1629628508648,
        "isBuyerMaker": false,
        "isBestMatch": true
    },
    {
        "id": 86025751,
        "price": "0.00005305",
        "qty": "72.00000000",
        "quoteQty": "0.00381960",
        "time": 1629628508648,
        "isBuyerMaker": false,
        "isBestMatch": true
    },
    {
        "id": 86025752,
        "price": "0.00005305",
        "qty": "151.00000000",
        "quoteQty": "0.00801055",
        "time": 1629628509651,
        "isBuyerMaker": false,
        "isBestMatch": true
    },
    {
        "id": 86025753,
        "price": "0.00005305",
        "qty": "322.00000000",
        "quoteQty": "0.01708210",
        "time": 1629628509786,
        "isBuyerMaker": false,
        "isBestMatch": true
    },
    {
        "id": 86025754,
        "price": "0.00005305",
        "qty": "1133.00000000",
        "quoteQty": "0.06010565",
        "time": 1629628509786,
        "isBuyerMaker": false,
        "isBestMatch": true
    },
    {
        "id": 86025755,
        "price": "0.00005305",
        "qty": "7.00000000",
        "quoteQty": "0.00037135",
        "time": 1629628510028,
        "isBuyerMaker": false,
        "isBestMatch": true
    },
    {
        "id": 86025756,
        "price": "0.00005304",
        "qty": "77.00000000",
        "quoteQty": "0.00408408",
        "time": 1629628510717,
        "isBuyerMaker": true,
        "isBestMatch": true
    },
    {
        "id": 86025757,
        "price": "0.00005303",
        "qty": "81.00000000",
        "quoteQty": "0.00429543",
        "time": 1629628510717,
        "isBuyerMaker": true,
        "isBestMatch": true
    },
    {
        "id": 86025758,
        "price": "0.00005303",
        "qty": "59.00000000",
        "quoteQty": "0.00312877",
        "time": 1629628510717,
        "isBuyerMaker": true,
        "isBestMatch": true
    },
    {
        "id": 86025759,
        "price": "0.00005303",
        "qty": "25.00000000",
        "quoteQty": "0.00132575",
        "time": 1629628510792,
        "isBuyerMaker": false,
        "isBestMatch": true
    },
    {
        "id": 86025760,
        "price": "0.00005304",
        "qty": "41.00000000",
        "quoteQty": "0.00217464",
        "time": 1629628515715,
        "isBuyerMaker": false,
        "isBestMatch": true
    },
    {
        "id": 86025761,
        "price": "0.00005304",
        "qty": "41.00000000",
        "quoteQty": "0.00217464",
        "time": 1629628515715,
        "isBuyerMaker": false,
        "isBestMatch": true
    },
    {
        "id": 86025762,
        "price": "0.00005305",
        "qty": "21.00000000",
        "quoteQty": "0.00111405",
        "time": 1629628520714,
        "isBuyerMaker": false,
        "isBestMatch": true
    },
    {
        "id": 86025763,
        "price": "0.00005304",
        "qty": "82.00000000",
        "quoteQty": "0.00434928",
        "time": 1629628524751,
        "isBuyerMaker": true,
        "isBestMatch": true
    },
    {
        "id": 86025764,
        "price": "0.00005303",
        "qty": "41.00000000",
        "quoteQty": "0.00217423",
        "time": 1629628524751,
        "isBuyerMaker": true,
        "isBestMatch": true
    },
    {
        "id": 86025765,
        "price": "0.00005303",
        "qty": "41.00000000",
        "quoteQty": "0.00217423",
        "time": 1629628524751,
        "isBuyerMaker": true,
        "isBestMatch": true
    },
    {
        "id": 86025766,
        "price": "0.00005302",
        "qty": "41.00000000",
        "quoteQty": "0.00217382",
        "time": 1629628524755,
        "isBuyerMaker": true,
        "isBestMatch": true
    },
    {
        "id": 86025767,
        "price": "0.00005302",
        "qty": "41.00000000",
        "quoteQty": "0.00217382",
        "time": 1629628524755,
        "isBuyerMaker": true,
        "isBestMatch": true
    },
    {
        "id": 86025768,
        "price": "0.00005303",
        "qty": "19.00000000",
        "quoteQty": "0.00100757",
        "time": 1629628524798,
        "isBuyerMaker": false,
        "isBestMatch": true
    },
    {
        "id": 86025769,
        "price": "0.00005302",
        "qty": "5066.00000000",
        "quoteQty": "0.26859932",
        "time": 1629628525321,
        "isBuyerMaker": true,
        "isBestMatch": true
    },
    {
        "id": 86025770,
        "price": "0.00005302",
        "qty": "82.00000000",
        "quoteQty": "0.00434764",
        "time": 1629628525447,
        "isBuyerMaker": false,
        "isBestMatch": true
    },
    {
        "id": 86025771,
        "price": "0.00005303",
        "qty": "159.00000000",
        "quoteQty": "0.00843177",
        "time": 1629628528091,
        "isBuyerMaker": false,
        "isBestMatch": true
    },
    {
        "id": 86025772,
        "price": "0.00005303",
        "qty": "2.00000000",
        "quoteQty": "0.00010606",
        "time": 1629628528446,
        "isBuyerMaker": false,
        "isBestMatch": true
    },
    {
        "id": 86025773,
        "price": "0.00005303",
        "qty": "29.00000000",
        "quoteQty": "0.00153787",
        "time": 1629628529233,
        "isBuyerMaker": false,
        "isBestMatch": true
    },
    {
        "id": 86025774,
        "price": "0.00005303",
        "qty": "30.00000000",
        "quoteQty": "0.00159090",
        "time": 1629628529234,
        "isBuyerMaker": false,
        "isBestMatch": true
    },
    {
        "id": 86025775,
        "price": "0.00005302",
        "qty": "41.00000000",
        "quoteQty": "0.00217382",
        "time": 1629628531188,
        "isBuyerMaker": true,
        "isBestMatch": true
    },
    {
        "id": 86025776,
        "price": "0.00005302",
        "qty": "94.00000000",
        "quoteQty": "0.00498388",
        "time": 1629628531188,
        "isBuyerMaker": true,
        "isBestMatch": true
    },
    {
        "id": 86025777,
        "price": "0.00005302",
        "qty": "5.00000000",
        "quoteQty": "0.00026510",
        "time": 1629628534405,
        "isBuyerMaker": true,
        "isBestMatch": true
    },
    {
        "id": 86025778,
        "price": "0.00005303",
        "qty": "82.00000000",
        "quoteQty": "0.00434846",
        "time": 1629628534693,
        "isBuyerMaker": false,
        "isBestMatch": true
    },
    {
        "id": 86025779,
        "price": "0.00005304",
        "qty": "21.00000000",
        "quoteQty": "0.00111384",
        "time": 1629628538849,
        "isBuyerMaker": false,
        "isBestMatch": true
    },
    {
        "id": 86025780,
        "price": "0.00005304",
        "qty": "26.00000000",
        "quoteQty": "0.00137904",
        "time": 1629628540400,
        "isBuyerMaker": false,
        "isBestMatch": true
    },
    {
        "id": 86025781,
        "price": "0.00005304",
        "qty": "14.00000000",
        "quoteQty": "0.00074256",
        "time": 1629628540525,
        "isBuyerMaker": false,
        "isBestMatch": true
    },
    {
        "id": 86025782,
        "price": "0.00005304",
        "qty": "21.00000000",
        "quoteQty": "0.00111384",
        "time": 1629628541152,
        "isBuyerMaker": false,
        "isBestMatch": true
    },
    {
        "id": 86025783,
        "price": "0.00005305",
        "qty": "61.00000000",
        "quoteQty": "0.00323605",
        "time": 1629628541152,
        "isBuyerMaker": false,
        "isBestMatch": true
    },
    {
        "id": 86025784,
        "price": "0.00005305",
        "qty": "652.00000000",
        "quoteQty": "0.03458860",
        "time": 1629628541152,
        "isBuyerMaker": false,
        "isBestMatch": true
    },
    {
        "id": 86025785,
        "price": "0.00005304",
        "qty": "82.00000000",
        "quoteQty": "0.00434928",
        "time": 1629628541887,
        "isBuyerMaker": true,
        "isBestMatch": true
    },
    {
        "id": 86025786,
        "price": "0.00005303",
        "qty": "41.00000000",
        "quoteQty": "0.00217423",
        "time": 1629628541887,
        "isBuyerMaker": true,
        "isBestMatch": true
    },
    {
        "id": 86025787,
        "price": "0.00005303",
        "qty": "123.00000000",
        "quoteQty": "0.00652269",
        "time": 1629628541887,
        "isBuyerMaker": true,
        "isBestMatch": true
    },
    {
        "id": 86025788,
        "price": "0.00005304",
        "qty": "41.00000000",
        "quoteQty": "0.00217464",
        "time": 1629628544951,
        "isBuyerMaker": false,
        "isBestMatch": true
    },
    {
        "id": 86025789,
        "price": "0.00005305",
        "qty": "442.00000000",
        "quoteQty": "0.02344810",
        "time": 1629628544951,
        "isBuyerMaker": false,
        "isBestMatch": true
    },
    {
        "id": 86025790,
        "price": "0.00005305",
        "qty": "82.00000000",
        "quoteQty": "0.00435010",
        "time": 1629628544951,
        "isBuyerMaker": false,
        "isBestMatch": true
    },
    {
        "id": 86025791,
        "price": "0.00005305",
        "qty": "298.00000000",
        "quoteQty": "0.01580890",
        "time": 1629628544951,
        "isBuyerMaker": false,
        "isBestMatch": true
    },
    {
        "id": 86025792,
        "price": "0.00005304",
        "qty": "81.00000000",
        "quoteQty": "0.00429624",
        "time": 1629628545258,
        "isBuyerMaker": true,
        "isBestMatch": true
    },
    {
        "id": 86025793,
        "price": "0.00005304",
        "qty": "6.00000000",
        "quoteQty": "0.00031824",
        "time": 1629628545372,
        "isBuyerMaker": false,
        "isBestMatch": true
    },
    {
        "id": 86025794,
        "price": "0.00005303",
        "qty": "59.00000000",
        "quoteQty": "0.00312877",
        "time": 1629628546928,
        "isBuyerMaker": true,
        "isBestMatch": true
    },
    {
        "id": 86025795,
        "price": "0.00005303",
        "qty": "232.00000000",
        "quoteQty": "0.01230296",
        "time": 1629628547924,
        "isBuyerMaker": true,
        "isBestMatch": true
    },
    {
        "id": 86025796,
        "price": "0.00005303",
        "qty": "41.00000000",
        "quoteQty": "0.00217423",
        "time": 1629628547924,
        "isBuyerMaker": true,
        "isBestMatch": true
    },
    {
        "id": 86025797,
        "price": "0.00005303",
        "qty": "41.00000000",
        "quoteQty": "0.00217423",
        "time": 1629628547924,
        "isBuyerMaker": true,
        "isBestMatch": true
    },
    {
        "id": 86025798,
        "price": "0.00005302",
        "qty": "1395.00000000",
        "quoteQty": "0.07396290",
        "time": 1629628548290,
        "isBuyerMaker": true,
        "isBestMatch": true
    },
    {
        "id": 86025799,
        "price": "0.00005302",
        "qty": "382.00000000",
        "quoteQty": "0.02025364",
        "time": 1629628548290,
        "isBuyerMaker": true,
        "isBestMatch": true
    },
    {
        "id": 86025800,
        "price": "0.00005302",
        "qty": "82.00000000",
        "quoteQty": "0.00434764",
        "time": 1629628548290,
        "isBuyerMaker": true,
        "isBestMatch": true
    },
    {
        "id": 86025801,
        "price": "0.00005302",
        "qty": "833.00000000",
        "quoteQty": "0.04416566",
        "time": 1629628548290,
        "isBuyerMaker": true,
        "isBestMatch": true
    },
    {
        "id": 86025802,
        "price": "0.00005303",
        "qty": "25.00000000",
        "quoteQty": "0.00132575",
        "time": 1629628549181,
        "isBuyerMaker": false,
        "isBestMatch": true
    },
    {
        "id": 86025803,
        "price": "0.00005303",
        "qty": "55.00000000",
        "quoteQty": "0.00291665",
        "time": 1629628552428,
        "isBuyerMaker": false,
        "isBestMatch": true
    },
    {
        "id": 86025804,
        "price": "0.00005303",
        "qty": "2.00000000",
        "quoteQty": "0.00010606",
        "time": 1629628552463,
        "isBuyerMaker": false,
        "isBestMatch": true
    },
    {
        "id": 86025805,
        "price": "0.00005303",
        "qty": "173.00000000",
        "quoteQty": "0.00917419",
        "time": 1629628552537,
        "isBuyerMaker": false,
        "isBestMatch": true
    },
    {
        "id": 86025806,
        "price": "0.00005303",
        "qty": "309.00000000",
        "quoteQty": "0.01638627",
        "time": 1629628553034,
        "isBuyerMaker": false,
        "isBestMatch": true
    },
    {
        "id": 86025807,
        "price": "0.00005303",
        "qty": "1369.00000000",
        "quoteQty": "0.07259807",
        "time": 1629628554690,
        "isBuyerMaker": false,
        "isBestMatch": true
    },
    {
        "id": 86025808,
        "price": "0.00005303",
        "qty": "99.00000000",
        "quoteQty": "0.00524997",
        "time": 1629628554744,
        "isBuyerMaker": false,
        "isBestMatch": true
    },
    {
        "id": 86025809,
        "price": "0.00005303",
        "qty": "1131.00000000",
        "quoteQty": "0.05997693",
        "time": 1629628555295,
        "isBuyerMaker": false,
        "isBestMatch": true
    },
    {
        "id": 86025810,
        "price": "0.00005303",
        "qty": "1062.00000000",
        "quoteQty": "0.05631786",
        "time": 1629628555344,
        "isBuyerMaker": false,
        "isBestMatch": true
    },
    {
        "id": 86025811,
        "price": "0.00005303",
        "qty": "502.00000000",
        "quoteQty": "0.02662106",
        "time": 1629628555502,
        "isBuyerMaker": false,
        "isBestMatch": true
    },
    {
        "id": 86025812,
        "price": "0.00005303",
        "qty": "250.00000000",
        "quoteQty": "0.01325750",
        "time": 1629628555601,
        "isBuyerMaker": false,
        "isBestMatch": true
    },
    {
        "id": 86025813,
        "price": "0.00005303",
        "qty": "59.00000000",
        "quoteQty": "0.00312877",
        "time": 1629628555686,
        "isBuyerMaker": false,
        "isBestMatch": true
    },
    {
        "id": 86025814,
        "price": "0.00005303",
        "qty": "100.00000000",
        "quoteQty": "0.00530300",
        "time": 1629628555840,
        "isBuyerMaker": false,
        "isBestMatch": true
    },
    {
        "id": 86025815,
        "price": "0.00005303",
        "qty": "974.00000000",
        "quoteQty": "0.05165122",
        "time": 1629628556046,
        "isBuyerMaker": false,
        "isBestMatch": true
    },
    {
        "id": 86025816,
        "price": "0.00005303",
        "qty": "580.00000000",
        "quoteQty": "0.03075740",
        "time": 1629628556097,
        "isBuyerMaker": false,
        "isBestMatch": true
    },
    {
        "id": 86025817,
        "price": "0.00005303",
        "qty": "2.00000000",
        "quoteQty": "0.00010606",
        "time": 1629628556975,
        "isBuyerMaker": false,
        "isBestMatch": true
    },
    {
        "id": 86025818,
        "price": "0.00005303",
        "qty": "22.00000000",
        "quoteQty": "0.00116666",
        "time": 1629628557204,
        "isBuyerMaker": false,
        "isBestMatch": true
    },
    {
        "id": 86025819,
        "price": "0.00005303",
        "qty": "100.00000000",
        "quoteQty": "0.00530300",
        "time": 1629628557346,
        "isBuyerMaker": false,
        "isBestMatch": true
    },
    {
        "id": 86025820,
        "price": "0.00005303",
        "qty": "378.00000000",
        "quoteQty": "0.02004534",
        "time": 1629628557392,
        "isBuyerMaker": false,
        "isBestMatch": true
    },
    {
        "id": 86025821,
        "price": "0.00005303",
        "qty": "75.00000000",
        "quoteQty": "0.00397725",
        "time": 1629628557392,
        "isBuyerMaker": false,
        "isBestMatch": true
    },
    {
        "id": 86025822,
        "price": "0.00005303",
        "qty": "13.00000000",
        "quoteQty": "0.00068939",
        "time": 1629628558433,
        "isBuyerMaker": true,
        "isBestMatch": true
    },
    {
        "id": 86025823,
        "price": "0.00005304",
        "qty": "35.00000000",
        "quoteQty": "0.00185640",
        "time": 1629628563492,
        "isBuyerMaker": false,
        "isBestMatch": true
    },
    {
        "id": 86025824,
        "price": "0.00005304",
        "qty": "47.00000000",
        "quoteQty": "0.00249288",
        "time": 1629628563492,
        "isBuyerMaker": false,
        "isBestMatch": true
    },
    {
        "id": 86025825,
        "price": "0.00005304",
        "qty": "42.00000000",
        "quoteQty": "0.00222768",
        "time": 1629628564007,
        "isBuyerMaker": true,
        "isBestMatch": true
    },
    {
        "id": 86025826,
        "price": "0.00005305",
        "qty": "82.00000000",
        "quoteQty": "0.00435010",
        "time": 1629628565228,
        "isBuyerMaker": false,
        "isBestMatch": true
    },
    {
        "id": 86025827,
        "price": "0.00005305",
        "qty": "500.00000000",
        "quoteQty": "0.02652500",
        "time": 1629628565228,
        "isBuyerMaker": false,
        "isBestMatch": true
    },
    {
        "id": 86025828,
        "price": "0.00005305",
        "qty": "3.00000000",
        "quoteQty": "0.00015915",
        "time": 1629628565376,
        "isBuyerMaker": false,
        "isBestMatch": true
    },
    {
        "id": 86025829,
        "price": "0.00005305",
        "qty": "53.00000000",
        "quoteQty": "0.00281165",
        "time": 1629628565796,
        "isBuyerMaker": false,
        "isBestMatch": true
    },
    {
        "id": 86025830,
        "price": "0.00005305",
        "qty": "3.00000000",
        "quoteQty": "0.00015915",
        "time": 1629628566264,
        "isBuyerMaker": false,
        "isBestMatch": true
    },
    {
        "id": 86025831,
        "price": "0.00005305",
        "qty": "582.00000000",
        "quoteQty": "0.03087510",
        "time": 1629628567228,
        "isBuyerMaker": false,
        "isBestMatch": true
    },
    {
        "id": 86025832,
        "price": "0.00005305",
        "qty": "27.00000000",
        "quoteQty": "0.00143235",
        "time": 1629628567362,
        "isBuyerMaker": true,
        "isBestMatch": true
    },
    {
        "id": 86025833,
        "price": "0.00005305",
        "qty": "55.00000000",
        "quoteQty": "0.00291775",
        "time": 1629628567454,
        "isBuyerMaker": true,
        "isBestMatch": true
    },
    {
        "id": 86025834,
        "price": "0.00005305",
        "qty": "41.00000000",
        "quoteQty": "0.00217505",
        "time": 1629628568225,
        "isBuyerMaker": false,
        "isBestMatch": true
    },
    {
        "id": 86025835,
        "price": "0.00005306",
        "qty": "82.00000000",
        "quoteQty": "0.00435092",
        "time": 1629628568225,
        "isBuyerMaker": false,
        "isBestMatch": true
    },
    {
        "id": 86025836,
        "price": "0.00005306",
        "qty": "373.00000000",
        "quoteQty": "0.01979138",
        "time": 1629628568225,
        "isBuyerMaker": false,
        "isBestMatch": true
    },
    {
        "id": 86025837,
        "price": "0.00005306",
        "qty": "86.00000000",
        "quoteQty": "0.00456316",
        "time": 1629628568225,
        "isBuyerMaker": false,
        "isBestMatch": true
    },
    {
        "id": 86025838,
        "price": "0.00005306",
        "qty": "6.00000000",
        "quoteQty": "0.00031836",
        "time": 1629628568650,
        "isBuyerMaker": false,
        "isBestMatch": true
    },
    {
        "id": 86025839,
        "price": "0.00005305",
        "qty": "42.00000000",
        "quoteQty": "0.00222810",
        "time": 1629628568706,
        "isBuyerMaker": true,
        "isBestMatch": true
    },
    {
        "id": 86025840,
        "price": "0.00005304",
        "qty": "40.00000000",
        "quoteQty": "0.00212160",
        "time": 1629628570649,
        "isBuyerMaker": true,
        "isBestMatch": true
    },
    {
        "id": 86025841,
        "price": "0.00005304",
        "qty": "5.00000000",
        "quoteQty": "0.00026520",
        "time": 1629628570649,
        "isBuyerMaker": true,
        "isBestMatch": true
    },
    {
        "id": 86025842,
        "price": "0.00005304",
        "qty": "37.00000000",
        "quoteQty": "0.00196248",
        "time": 1629628571002,
        "isBuyerMaker": true,
        "isBestMatch": true
    },
    {
        "id": 86025843,
        "price": "0.00005304",
        "qty": "1224.00000000",
        "quoteQty": "0.06492096",
        "time": 1629628573170,
        "isBuyerMaker": false,
        "isBestMatch": true
    },
    {
        "id": 86025844,
        "price": "0.00005303",
        "qty": "21.00000000",
        "quoteQty": "0.00111363",
        "time": 1629628574986,
        "isBuyerMaker": true,
        "isBestMatch": true
    },
    {
        "id": 86025845,
        "price": "0.00005304",
        "qty": "41.00000000",
        "quoteQty": "0.00217464",
        "time": 1629628575025,
        "isBuyerMaker": false,
        "isBestMatch": true
    },
    {
        "id": 86025846,
        "price": "0.00005304",
        "qty": "105.00000000",
        "quoteQty": "0.00556920",
        "time": 1629628575025,
        "isBuyerMaker": false,
        "isBestMatch": true
    },
    {
        "id": 86025847,
        "price": "0.00005303",
        "qty": "7.00000000",
        "quoteQty": "0.00037121",
        "time": 1629628575266,
        "isBuyerMaker": true,
        "isBestMatch": true
    },
    {
        "id": 86025848,
        "price": "0.00005303",
        "qty": "54.00000000",
        "quoteQty": "0.00286362",
        "time": 1629628575266,
        "isBuyerMaker": true,
        "isBestMatch": true
    },
    {
        "id": 86025849,
        "price": "0.00005303",
        "qty": "56.00000000",
        "quoteQty": "0.00296968",
        "time": 1629628575299,
        "isBuyerMaker": false,
        "isBestMatch": true
    },
    {
        "id": 86025850,
        "price": "0.00005303",
        "qty": "25.00000000",
        "quoteQty": "0.00132575",
        "time": 1629628577338,
        "isBuyerMaker": false,
        "isBestMatch": true
    },
    {
        "id": 86025851,
        "price": "0.00005303",
        "qty": "56.00000000",
        "quoteQty": "0.00296968",
        "time": 1629628577383,
        "isBuyerMaker": false,
        "isBestMatch": true
    },
    {
        "id": 86025852,
        "price": "0.00005304",
        "qty": "82.00000000",
        "quoteQty": "0.00434928",
        "time": 1629628580000,
        "isBuyerMaker": false,
        "isBestMatch": true
    },
    {
        "id": 86025853,
        "price": "0.00005304",
        "qty": "184.00000000",
        "quoteQty": "0.00975936",
        "time": 1629628580363,
        "isBuyerMaker": true,
        "isBestMatch": true
    },
    {
        "id": 86025854,
        "price": "0.00005304",
        "qty": "82.00000000",
        "quoteQty": "0.00434928",
        "time": 1629628580363,
        "isBuyerMaker": true,
        "isBestMatch": true
    },
    {
        "id": 86025855,
        "price": "0.00005303",
        "qty": "81.00000000",
        "quoteQty": "0.00429543",
        "time": 1629628580363,
        "isBuyerMaker": true,
        "isBestMatch": true
    },
    {
        "id": 86025856,
        "price": "0.00005303",
        "qty": "382.00000000",
        "quoteQty": "0.02025746",
        "time": 1629628580363,
        "isBuyerMaker": true,
        "isBestMatch": true
    },
    {
        "id": 86025857,
        "price": "0.00005303",
        "qty": "1400.00000000",
        "quoteQty": "0.07424200",
        "time": 1629628580363,
        "isBuyerMaker": true,
        "isBestMatch": true
    },
    {
        "id": 86025858,
        "price": "0.00005303",
        "qty": "39.00000000",
        "quoteQty": "0.00206817",
        "time": 1629628580363,
        "isBuyerMaker": true,
        "isBestMatch": true
    },
    {
        "id": 86025859,
        "price": "0.00005302",
        "qty": "1236.00000000",
        "quoteQty": "0.06553272",
        "time": 1629628580363,
        "isBuyerMaker": true,
        "isBestMatch": true
    },
    {
        "id": 86025860,
        "price": "0.00005302",
        "qty": "3.00000000",
        "quoteQty": "0.00015906",
        "time": 1629628580363,
        "isBuyerMaker": true,
        "isBestMatch": true
    },
    {
        "id": 86025861,
        "price": "0.00005302",
        "qty": "236.00000000",
        "quoteQty": "0.01251272",
        "time": 1629628580363,
        "isBuyerMaker": true,
        "isBestMatch": true
    },
    {
        "id": 86025862,
        "price": "0.00005302",
        "qty": "1400.00000000",
        "quoteQty": "0.07422800",
        "time": 1629628580363,
        "isBuyerMaker": true,
        "isBestMatch": true
    },
    {
        "id": 86025863,
        "price": "0.00005302",
        "qty": "82.00000000",
        "quoteQty": "0.00434764",
        "time": 1629628580363,
        "isBuyerMaker": true,
        "isBestMatch": true
    },
    {
        "id": 86025864,
        "price": "0.00005302",
        "qty": "382.00000000",
        "quoteQty": "0.02025364",
        "time": 1629628580363,
        "isBuyerMaker": true,
        "isBestMatch": true
    },
    {
        "id": 86025865,
        "price": "0.00005301",
        "qty": "82.00000000",
        "quoteQty": "0.00434682",
        "time": 1629628580363,
        "isBuyerMaker": true,
        "isBestMatch": true
    },
    {
        "id": 86025866,
        "price": "0.00005301",
        "qty": "2.00000000",
        "quoteQty": "0.00010602",
        "time": 1629628580363,
        "isBuyerMaker": true,
        "isBestMatch": true
    },
    {
        "id": 86025867,
        "price": "0.00005301",
        "qty": "292.00000000",
        "quoteQty": "0.01547892",
        "time": 1629628580363,
        "isBuyerMaker": true,
        "isBestMatch": true
    },
    {
        "id": 86025868,
        "price": "0.00005304",
        "qty": "82.00000000",
        "quoteQty": "0.00434928",
        "time": 1629628580451,
        "isBuyerMaker": false,
        "isBestMatch": true
    },
    {
        "id": 86025869,
        "price": "0.00005304",
        "qty": "82.00000000",
        "quoteQty": "0.00434928",
        "time": 1629628580451,
        "isBuyerMaker": false,
        "isBestMatch": true
    },
    {
        "id": 86025870,
        "price": "0.00005305",
        "qty": "12.00000000",
        "quoteQty": "0.00063660",
        "time": 1629628582221,
        "isBuyerMaker": false,
        "isBestMatch": true
    },
    {
        "id": 86025871,
        "price": "0.00005304",
        "qty": "3.00000000",
        "quoteQty": "0.00015912",
        "time": 1629628582569,
        "isBuyerMaker": true,
        "isBestMatch": true
    },
    {
        "id": 86025872,
        "price": "0.00005305",
        "qty": "29.00000000",
        "quoteQty": "0.00153845",
        "time": 1629628583003,
        "isBuyerMaker": false,
        "isBestMatch": true
    },
    {
        "id": 86025873,
        "price": "0.00005305",
        "qty": "41.00000000",
        "quoteQty": "0.00217505",
        "time": 1629628583003,
        "isBuyerMaker": false,
        "isBestMatch": true
    },
    {
        "id": 86025874,
        "price": "0.00005305",
        "qty": "271.00000000",
        "quoteQty": "0.01437655",
        "time": 1629628583003,
        "isBuyerMaker": false,
        "isBestMatch": true
    },
    {
        "id": 86025875,
        "price": "0.00005305",
        "qty": "343.00000000",
        "quoteQty": "0.01819615",
        "time": 1629628583005,
        "isBuyerMaker": false,
        "isBestMatch": true
    },
    {
        "id": 86025876,
        "price": "0.00005305",
        "qty": "158.00000000",
        "quoteQty": "0.00838190",
        "time": 1629628583632,
        "isBuyerMaker": false,
        "isBestMatch": true
    },
    {
        "id": 86025877,
        "price": "0.00005304",
        "qty": "10.00000000",
        "quoteQty": "0.00053040",
        "time": 1629628585545,
        "isBuyerMaker": true,
        "isBestMatch": true
    },
    {
        "id": 86025878,
        "price": "0.00005304",
        "qty": "18.00000000",
        "quoteQty": "0.00095472",
        "time": 1629628585545,
        "isBuyerMaker": true,
        "isBestMatch": true
    },
    {
        "id": 86025879,
        "price": "0.00005304",
        "qty": "438.00000000",
        "quoteQty": "0.02323152",
        "time": 1629628586093,
        "isBuyerMaker": true,
        "isBestMatch": true
    },
    {
        "id": 86025880,
        "price": "0.00005305",
        "qty": "66.00000000",
        "quoteQty": "0.00350130",
        "time": 1629628586898,
        "isBuyerMaker": false,
        "isBestMatch": true
    },
    {
        "id": 86025881,
        "price": "0.00005305",
        "qty": "99.00000000",
        "quoteQty": "0.00525195",
        "time": 1629628586943,
        "isBuyerMaker": false,
        "isBestMatch": true
    },
    {
        "id": 86025882,
        "price": "0.00005305",
        "qty": "443.00000000",
        "quoteQty": "0.02350115",
        "time": 1629628587498,
        "isBuyerMaker": false,
        "isBestMatch": true
    },
    {
        "id": 86025883,
        "price": "0.00005305",
        "qty": "270.00000000",
        "quoteQty": "0.01432350",
        "time": 1629628587543,
        "isBuyerMaker": false,
        "isBestMatch": true
    },
    {
        "id": 86025884,
        "price": "0.00005306",
        "qty": "82.00000000",
        "quoteQty": "0.00435092",
        "time": 1629628588895,
        "isBuyerMaker": false,
        "isBestMatch": true
    },
    {
        "id": 86025885,
        "price": "0.00005306",
        "qty": "201.00000000",
        "quoteQty": "0.01066506",
        "time": 1629628588895,
        "isBuyerMaker": false,
        "isBestMatch": true
    },
    {
        "id": 86025886,
        "price": "0.00005306",
        "qty": "45.00000000",
        "quoteQty": "0.00238770",
        "time": 1629628589045,
        "isBuyerMaker": true,
        "isBestMatch": true
    },
    {
        "id": 86025887,
        "price": "0.00005306",
        "qty": "20.00000000",
        "quoteQty": "0.00106120",
        "time": 1629628589056,
        "isBuyerMaker": true,
        "isBestMatch": true
    },
    {
        "id": 86025888,
        "price": "0.00005306",
        "qty": "17.00000000",
        "quoteQty": "0.00090202",
        "time": 1629628589599,
        "isBuyerMaker": true,
        "isBestMatch": true
    },
    {
        "id": 86025889,
        "price": "0.00005305",
        "qty": "82.00000000",
        "quoteQty": "0.00435010",
        "time": 1629628591922,
        "isBuyerMaker": true,
        "isBestMatch": true
    },
    {
        "id": 86025890,
        "price": "0.00005305",
        "qty": "39.00000000",
        "quoteQty": "0.00206895",
        "time": 1629628591922,
        "isBuyerMaker": true,
        "isBestMatch": true
    },
    {
        "id": 86025891,
        "price": "0.00005305",
        "qty": "2100.00000000",
        "quoteQty": "0.11140500",
        "time": 1629628591922,
        "isBuyerMaker": true,
        "isBestMatch": true
    },
    {
        "id": 86025892,
        "price": "0.00005305",
        "qty": "1400.00000000",
        "quoteQty": "0.07427000",
        "time": 1629628591922,
        "isBuyerMaker": true,
        "isBestMatch": true
    },
    {
        "id": 86025893,
        "price": "0.00005304",
        "qty": "944.00000000",
        "quoteQty": "0.05006976",
        "time": 1629628591922,
        "isBuyerMaker": true,
        "isBestMatch": true
    },
    {
        "id": 86025894,
        "price": "0.00005304",
        "qty": "82.00000000",
        "quoteQty": "0.00434928",
        "time": 1629628591922,
        "isBuyerMaker": true,
        "isBestMatch": true
    },
    {
        "id": 86025895,
        "price": "0.00005304",
        "qty": "382.00000000",
        "quoteQty": "0.02026128",
        "time": 1629628591922,
        "isBuyerMaker": true,
        "isBestMatch": true
    },
    {
        "id": 86025896,
        "price": "0.00005304",
        "qty": "76.00000000",
        "quoteQty": "0.00403104",
        "time": 1629628591952,
        "isBuyerMaker": false,
        "isBestMatch": true
    },
    {
        "id": 86025897,
        "price": "0.00005304",
        "qty": "41.00000000",
        "quoteQty": "0.00217464",
        "time": 1629628591972,
        "isBuyerMaker": false,
        "isBestMatch": true
    },
    {
        "id": 86025898,
        "price": "0.00005304",
        "qty": "1226.00000000",
        "quoteQty": "0.06502704",
        "time": 1629628591995,
        "isBuyerMaker": false,
        "isBestMatch": true
    },
    {
        "id": 86025899,
        "price": "0.00005304",
        "qty": "131.00000000",
        "quoteQty": "0.00694824",
        "time": 1629628592045,
        "isBuyerMaker": false,
        "isBestMatch": true
    },
    {
        "id": 86025900,
        "price": "0.00005304",
        "qty": "25.00000000",
        "quoteQty": "0.00132600",
        "time": 1629628592146,
        "isBuyerMaker": false,
        "isBestMatch": true
    },
    {
        "id": 86025901,
        "price": "0.00005304",
        "qty": "439.00000000",
        "quoteQty": "0.02328456",
        "time": 1629628592198,
        "isBuyerMaker": false,
        "isBestMatch": true
    },
    {
        "id": 86025902,
        "price": "0.00005304",
        "qty": "11.00000000",
        "quoteQty": "0.00058344",
        "time": 1629628592249,
        "isBuyerMaker": false,
        "isBestMatch": true
    },
    {
        "id": 86025903,
        "price": "0.00005304",
        "qty": "3908.00000000",
        "quoteQty": "0.20728032",
        "time": 1629628592449,
        "isBuyerMaker": false,
        "isBestMatch": true
    },
    {
        "id": 86025904,
        "price": "0.00005304",
        "qty": "1042.00000000",
        "quoteQty": "0.05526768",
        "time": 1629628592493,
        "isBuyerMaker": false,
        "isBestMatch": true
    },
    {
        "id": 86025905,
        "price": "0.00005304",
        "qty": "20.00000000",
        "quoteQty": "0.00106080",
        "time": 1629628592546,
        "isBuyerMaker": false,
        "isBestMatch": true
    },
    {
        "id": 86025906,
        "price": "0.00005304",
        "qty": "448.00000000",
        "quoteQty": "0.02376192",
        "time": 1629628592597,
        "isBuyerMaker": false,
        "isBestMatch": true
    },
    {
        "id": 86025907,
        "price": "0.00005304",
        "qty": "718.00000000",
        "quoteQty": "0.03808272",
        "time": 1629628592747,
        "isBuyerMaker": false,
        "isBestMatch": true
    },
    {
        "id": 86025908,
        "price": "0.00005304",
        "qty": "100.00000000",
        "quoteQty": "0.00530400",
        "time": 1629628593597,
        "isBuyerMaker": false,
        "isBestMatch": true
    },
    {
        "id": 86025909,
        "price": "0.00005304",
        "qty": "581.00000000",
        "quoteQty": "0.03081624",
        "time": 1629628594403,
        "isBuyerMaker": false,
        "isBestMatch": true
    },
    {
        "id": 86025910,
        "price": "0.00005305",
        "qty": "82.00000000",
        "quoteQty": "0.00435010",
        "time": 1629628596173,
        "isBuyerMaker": false,
        "isBestMatch": true
    },
    {
        "id": 86025911,
        "price": "0.00005305",
        "qty": "195.00000000",
        "quoteQty": "0.01034475",
        "time": 1629628596173,
        "isBuyerMaker": false,
        "isBestMatch": true
    },
    {
        "id": 86025912,
        "price": "0.00005305",
        "qty": "18.00000000",
        "quoteQty": "0.00095490",
        "time": 1629628599131,
        "isBuyerMaker": false,
        "isBestMatch": true
    },
    {
        "id": 86025913,
        "price": "0.00005305",
        "qty": "14.00000000",
        "quoteQty": "0.00074270",
        "time": 1629628603658,
        "isBuyerMaker": true,
        "isBestMatch": true
    },
    {
        "id": 86025914,
        "price": "0.00005305",
        "qty": "27.00000000",
        "quoteQty": "0.00143235",
        "time": 1629628604353,
        "isBuyerMaker": true,
        "isBestMatch": true
    },
    {
        "id": 86025915,
        "price": "0.00005305",
        "qty": "388.00000000",
        "quoteQty": "0.02058340",
        "time": 1629628604974,
        "isBuyerMaker": false,
        "isBestMatch": true
    },
    {
        "id": 86025916,
        "price": "0.00005304",
        "qty": "41.00000000",
        "quoteQty": "0.00217464",
        "time": 1629628606580,
        "isBuyerMaker": true,
        "isBestMatch": true
    },
    {
        "id": 86025917,
        "price": "0.00005304",
        "qty": "2.00000000",
        "quoteQty": "0.00010608",
        "time": 1629628606580,
        "isBuyerMaker": true,
        "isBestMatch": true
    },
    {
        "id": 86025918,
        "price": "0.00005304",
        "qty": "41.00000000",
        "quoteQty": "0.00217464",
        "time": 1629628606580,
        "isBuyerMaker": true,
        "isBestMatch": true
    },
    {
        "id": 86025919,
        "price": "0.00005304",
        "qty": "7.00000000",
        "quoteQty": "0.00037128",
        "time": 1629628606580,
        "isBuyerMaker": true,
        "isBestMatch": true
    },
    {
        "id": 86025920,
        "price": "0.00005304",
        "qty": "16.00000000",
        "quoteQty": "0.00084864",
        "time": 1629628609108,
        "isBuyerMaker": false,
        "isBestMatch": true
    },
    {
        "id": 86025921,
        "price": "0.00005304",
        "qty": "3.00000000",
        "quoteQty": "0.00015912",
        "time": 1629628609800,
        "isBuyerMaker": false,
        "isBestMatch": true
    },
    {
        "id": 86025922,
        "price": "0.00005304",
        "qty": "82.00000000",
        "quoteQty": "0.00434928",
        "time": 1629628609800,
        "isBuyerMaker": false,
        "isBestMatch": true
    },
    {
        "id": 86025923,
        "price": "0.00005305",
        "qty": "839.00000000",
        "quoteQty": "0.04450895",
        "time": 1629628610044,
        "isBuyerMaker": false,
        "isBestMatch": true
    },
    {
        "id": 86025924,
        "price": "0.00005305",
        "qty": "118.00000000",
        "quoteQty": "0.00625990",
        "time": 1629628610048,
        "isBuyerMaker": false,
        "isBestMatch": true
    },
    {
        "id": 86025925,
        "price": "0.00005305",
        "qty": "96.00000000",
        "quoteQty": "0.00509280",
        "time": 1629628610121,
        "isBuyerMaker": false,
        "isBestMatch": true
    },
    {
        "id": 86025926,
        "price": "0.00005305",
        "qty": "100.00000000",
        "quoteQty": "0.00530500",
        "time": 1629628610252,
        "isBuyerMaker": false,
        "isBestMatch": true
    },
    {
        "id": 86025927,
        "price": "0.00005304",
        "qty": "41.00000000",
        "quoteQty": "0.00217464",
        "time": 1629628610661,
        "isBuyerMaker": true,
        "isBestMatch": true
    },
    {
        "id": 86025928,
        "price": "0.00005304",
        "qty": "797.00000000",
        "quoteQty": "0.04227288",
        "time": 1629628610661,
        "isBuyerMaker": true,
        "isBestMatch": true
    },
    {
        "id": 86025929,
        "price": "0.00005304",
        "qty": "1236.00000000",
        "quoteQty": "0.06555744",
        "time": 1629628610671,
        "isBuyerMaker": true,
        "isBestMatch": true
    },
    {
        "id": 86025930,
        "price": "0.00005304",
        "qty": "85.00000000",
        "quoteQty": "0.00450840",
        "time": 1629628610671,
        "isBuyerMaker": true,
        "isBestMatch": true
    },
    {
        "id": 86025931,
        "price": "0.00005304",
        "qty": "41.00000000",
        "quoteQty": "0.00217464",
        "time": 1629628610671,
        "isBuyerMaker": true,
        "isBestMatch": true
    },
    {
        "id": 86025932,
        "price": "0.00005304",
        "qty": "54.00000000",
        "quoteQty": "0.00286416",
        "time": 1629628611355,
        "isBuyerMaker": false,
        "isBestMatch": true
    },
    {
        "id": 86025933,
        "price": "0.00005303",
        "qty": "2.00000000",
        "quoteQty": "0.00010606",
        "time": 1629628613294,
        "isBuyerMaker": true,
        "isBestMatch": true
    },
    {
        "id": 86025934,
        "price": "0.00005304",
        "qty": "28.00000000",
        "quoteQty": "0.00148512",
        "time": 1629628614437,
        "isBuyerMaker": false,
        "isBestMatch": true
    },
    {
        "id": 86025935,
        "price": "0.00005304",
        "qty": "30.00000000",
        "quoteQty": "0.00159120",
        "time": 1629628614437,
        "isBuyerMaker": false,
        "isBestMatch": true
    },
    {
        "id": 86025936,
        "price": "0.00005303",
        "qty": "80.00000000",
        "quoteQty": "0.00424240",
        "time": 1629628616114,
        "isBuyerMaker": true,
        "isBestMatch": true
    },
    {
        "id": 86025937,
        "price": "0.00005303",
        "qty": "41.00000000",
        "quoteQty": "0.00217423",
        "time": 1629628616114,
        "isBuyerMaker": true,
        "isBestMatch": true
    },
    {
        "id": 86025938,
        "price": "0.00005303",
        "qty": "55.00000000",
        "quoteQty": "0.00291665",
        "time": 1629628616397,
        "isBuyerMaker": true,
        "isBestMatch": true
    },
    {
        "id": 86025939,
        "price": "0.00005303",
        "qty": "39.00000000",
        "quoteQty": "0.00206817",
        "time": 1629628616397,
        "isBuyerMaker": true,
        "isBestMatch": true
    },
    {
        "id": 86025940,
        "price": "0.00005303",
        "qty": "82.00000000",
        "quoteQty": "0.00434846",
        "time": 1629628618103,
        "isBuyerMaker": false,
        "isBestMatch": true
    },
    {
        "id": 86025941,
        "price": "0.00005303",
        "qty": "50.00000000",
        "quoteQty": "0.00265150",
        "time": 1629628618103,
        "isBuyerMaker": false,
        "isBestMatch": true
    },
    {
        "id": 86025942,
        "price": "0.00005303",
        "qty": "12.00000000",
        "quoteQty": "0.00063636",
        "time": 1629628622337,
        "isBuyerMaker": false,
        "isBestMatch": true
    },
    {
        "id": 86025943,
        "price": "0.00005303",
        "qty": "218.00000000",
        "quoteQty": "0.01156054",
        "time": 1629628622780,
        "isBuyerMaker": false,
        "isBestMatch": true
    },
    {
        "id": 86025944,
        "price": "0.00005303",
        "qty": "197.00000000",
        "quoteQty": "0.01044691",
        "time": 1629628623603,
        "isBuyerMaker": false,
        "isBestMatch": true
    },
    {
        "id": 86025945,
        "price": "0.00005302",
        "qty": "82.00000000",
        "quoteQty": "0.00434764",
        "time": 1629628623848,
        "isBuyerMaker": true,
        "isBestMatch": true
    },
    {
        "id": 86025946,
        "price": "0.00005302",
        "qty": "3.00000000",
        "quoteQty": "0.00015906",
        "time": 1629628623848,
        "isBuyerMaker": true,
        "isBestMatch": true
    },
    {
        "id": 86025947,
        "price": "0.00005302",
        "qty": "425.00000000",
        "quoteQty": "0.02253350",
        "time": 1629628623848,
        "isBuyerMaker": true,
        "isBestMatch": true
    },
    {
        "id": 86025948,
        "price": "0.00005301",
        "qty": "82.00000000",
        "quoteQty": "0.00434682",
        "time": 1629628623848,
        "isBuyerMaker": true,
        "isBestMatch": true
    },
    {
        "id": 86025949,
        "price": "0.00005301",
        "qty": "44.00000000",
        "quoteQty": "0.00233244",
        "time": 1629628623848,
        "isBuyerMaker": true,
        "isBestMatch": true
    },
    {
        "id": 86025950,
        "price": "0.00005302",
        "qty": "31.00000000",
        "quoteQty": "0.00164362",
        "time": 1629628624056,
        "isBuyerMaker": false,
        "isBestMatch": true
    },
    {
        "id": 86025951,
        "price": "0.00005302",
        "qty": "7.00000000",
        "quoteQty": "0.00037114",
        "time": 1629628624866,
        "isBuyerMaker": false,
        "isBestMatch": true
    },
    {
        "id": 86025952,
        "price": "0.00005301",
        "qty": "3.00000000",
        "quoteQty": "0.00015903",
        "time": 1629628626453,
        "isBuyerMaker": true,
        "isBestMatch": true
    },
    {
        "id": 86025953,
        "price": "0.00005302",
        "qty": "44.00000000",
        "quoteQty": "0.00233288",
        "time": 1629628628977,
        "isBuyerMaker": false,
        "isBestMatch": true
    },
    {
        "id": 86025954,
        "price": "0.00005302",
        "qty": "214.00000000",
        "quoteQty": "0.01134628",
        "time": 1629628628977,
        "isBuyerMaker": false,
        "isBestMatch": true
    },
    {
        "id": 86025955,
        "price": "0.00005301",
        "qty": "141.00000000",
        "quoteQty": "0.00747441",
        "time": 1629628634180,
        "isBuyerMaker": true,
        "isBestMatch": true
    },
    {
        "id": 86025956,
        "price": "0.00005301",
        "qty": "287.00000000",
        "quoteQty": "0.01521387",
        "time": 1629628635261,
        "isBuyerMaker": true,
        "isBestMatch": true
    },
    {
        "id": 86025957,
        "price": "0.00005301",
        "qty": "2780.00000000",
        "quoteQty": "0.14736780",
        "time": 1629628635309,
        "isBuyerMaker": true,
        "isBestMatch": true
    },
    {
        "id": 86025958,
        "price": "0.00005301",
        "qty": "481.00000000",
        "quoteQty": "0.02549781",
        "time": 1629628635330,
        "isBuyerMaker": true,
        "isBestMatch": true
    },
    {
        "id": 86025959,
        "price": "0.00005301",
        "qty": "2900.00000000",
        "quoteQty": "0.15372900",
        "time": 1629628635407,
        "isBuyerMaker": true,
        "isBestMatch": true
    },
    {
        "id": 86025960,
        "price": "0.00005301",
        "qty": "664.00000000",
        "quoteQty": "0.03519864",
        "time": 1629628635452,
        "isBuyerMaker": true,
        "isBestMatch": true
    },
    {
        "id": 86025961,
        "price": "0.00005301",
        "qty": "1093.00000000",
        "quoteQty": "0.05793993",
        "time": 1629628635506,
        "isBuyerMaker": true,
        "isBestMatch": true
    },
    {
        "id": 86025962,
        "price": "0.00005301",
        "qty": "1666.00000000",
        "quoteQty": "0.08831466",
        "time": 1629628635552,
        "isBuyerMaker": true,
        "isBestMatch": true
    },
    {
        "id": 86025963,
        "price": "0.00005301",
        "qty": "303.00000000",
        "quoteQty": "0.01606203",
        "time": 1629628635608,
        "isBuyerMaker": true,
        "isBestMatch": true
    },
    {
        "id": 86025964,
        "price": "0.00005301",
        "qty": "142.00000000",
        "quoteQty": "0.00752742",
        "time": 1629628636177,
        "isBuyerMaker": true,
        "isBestMatch": true
    },
    {
        "id": 86025965,
        "price": "0.00005301",
        "qty": "142.00000000",
        "quoteQty": "0.00752742",
        "time": 1629628637180,
        "isBuyerMaker": true,
        "isBestMatch": true
    },
    {
        "id": 86025966,
        "price": "0.00005302",
        "qty": "2.00000000",
        "quoteQty": "0.00010604",
        "time": 1629628637343,
        "isBuyerMaker": false,
        "isBestMatch": true
    },
    {
        "id": 86025967,
        "price": "0.00005302",
        "qty": "114.00000000",
        "quoteQty": "0.00604428",
        "time": 1629628638444,
        "isBuyerMaker": false,
        "isBestMatch": true
    },
    {
        "id": 86025968,
        "price": "0.00005302",
        "qty": "26.00000000",
        "quoteQty": "0.00137852",
        "time": 1629628639644,
        "isBuyerMaker": false,
        "isBestMatch": true
    },
    {
        "id": 86025969,
        "price": "0.00005303",
        "qty": "727.00000000",
        "quoteQty": "0.03855281",
        "time": 1629628640546,
        "isBuyerMaker": false,
        "isBestMatch": true
    },
    {
        "id": 86025970,
        "price": "0.00005302",
        "qty": "41.00000000",
        "quoteQty": "0.00217382",
        "time": 1629628641545,
        "isBuyerMaker": true,
        "isBestMatch": true
    },
    {
        "id": 86025971,
        "price": "0.00005301",
        "qty": "109.00000000",
        "quoteQty": "0.00577809",
        "time": 1629628641583,
        "isBuyerMaker": true,
        "isBestMatch": true
    },
    {
        "id": 86025972,
        "price": "0.00005302",
        "qty": "2.00000000",
        "quoteQty": "0.00010604",
        "time": 1629628642570,
        "isBuyerMaker": false,
        "isBestMatch": true
    },
    {
        "id": 86025973,
        "price": "0.00005302",
        "qty": "341.00000000",
        "quoteQty": "0.01807982",
        "time": 1629628643001,
        "isBuyerMaker": false,
        "isBestMatch": true
    },
    {
        "id": 86025974,
        "price": "0.00005301",
        "qty": "1740.00000000",
        "quoteQty": "0.09223740",
        "time": 1629628644962,
        "isBuyerMaker": true,
        "isBestMatch": true
    },
    {
        "id": 86025975,
        "price": "0.00005301",
        "qty": "768.00000000",
        "quoteQty": "0.04071168",
        "time": 1629628644977,
        "isBuyerMaker": true,
        "isBestMatch": true
    },
    {
        "id": 86025976,
        "price": "0.00005302",
        "qty": "18.00000000",
        "quoteQty": "0.00095436",
        "time": 1629628645276,
        "isBuyerMaker": false,
        "isBestMatch": true
    },
    {
        "id": 86025977,
        "price": "0.00005301",
        "qty": "51.00000000",
        "quoteQty": "0.00270351",
        "time": 1629628645834,
        "isBuyerMaker": true,
        "isBestMatch": true
    },
    {
        "id": 86025978,
        "price": "0.00005302",
        "qty": "170.00000000",
        "quoteQty": "0.00901340",
        "time": 1629628646370,
        "isBuyerMaker": false,
        "isBestMatch": true
    },
    {
        "id": 86025979,
        "price": "0.00005302",
        "qty": "5.00000000",
        "quoteQty": "0.00026510",
        "time": 1629628647152,
        "isBuyerMaker": false,
        "isBestMatch": true
    },
    {
        "id": 86025980,
        "price": "0.00005301",
        "qty": "867.00000000",
        "quoteQty": "0.04595967",
        "time": 1629628647198,
        "isBuyerMaker": true,
        "isBestMatch": true
    },
    {
        "id": 86025981,
        "price": "0.00005301",
        "qty": "82.00000000",
        "quoteQty": "0.00434682",
        "time": 1629628647198,
        "isBuyerMaker": true,
        "isBestMatch": true
    },
    {
        "id": 86025982,
        "price": "0.00005300",
        "qty": "51.00000000",
        "quoteQty": "0.00270300",
        "time": 1629628647198,
        "isBuyerMaker": true,
        "isBestMatch": true
    },
    {
        "id": 86025983,
        "price": "0.00005300",
        "qty": "31.00000000",
        "quoteQty": "0.00164300",
        "time": 1629628648363,
        "isBuyerMaker": true,
        "isBestMatch": true
    },
    {
        "id": 86025984,
        "price": "0.00005300",
        "qty": "412.00000000",
        "quoteQty": "0.02183600",
        "time": 1629628648363,
        "isBuyerMaker": true,
        "isBestMatch": true
    },
    {
        "id": 86025985,
        "price": "0.00005300",
        "qty": "163.00000000",
        "quoteQty": "0.00863900",
        "time": 1629628648363,
        "isBuyerMaker": true,
        "isBestMatch": true
    },
    {
        "id": 86025986,
        "price": "0.00005301",
        "qty": "82.00000000",
        "quoteQty": "0.00434682",
        "time": 1629628648893,
        "isBuyerMaker": false,
        "isBestMatch": true
    },
    {
        "id": 86025987,
        "price": "0.00005301",
        "qty": "41.00000000",
        "quoteQty": "0.00217341",
        "time": 1629628650717,
        "isBuyerMaker": true,
        "isBestMatch": true
    },
    {
        "id": 86025988,
        "price": "0.00005301",
        "qty": "144.00000000",
        "quoteQty": "0.00763344",
        "time": 1629628650717,
        "isBuyerMaker": true,
        "isBestMatch": true
    },
    {
        "id": 86025989,
        "price": "0.00005301",
        "qty": "82.00000000",
        "quoteQty": "0.00434682",
        "time": 1629628654684,
        "isBuyerMaker": false,
        "isBestMatch": true
    },
    {
        "id": 86025990,
        "price": "0.00005301",
        "qty": "1400.00000000",
        "quoteQty": "0.07421400",
        "time": 1629628654684,
        "isBuyerMaker": false,
        "isBestMatch": true
    },
    {
        "id": 86025991,
        "price": "0.00005302",
        "qty": "82.00000000",
        "quoteQty": "0.00434764",
        "time": 1629628654846,
        "isBuyerMaker": false,
        "isBestMatch": true
    },
    {
        "id": 86025992,
        "price": "0.00005302",
        "qty": "1400.00000000",
        "quoteQty": "0.07422800",
        "time": 1629628654894,
        "isBuyerMaker": false,
        "isBestMatch": true
    },
    {
        "id": 86025993,
        "price": "0.00005302",
        "qty": "67.00000000",
        "quoteQty": "0.00355234",
        "time": 1629628656111,
        "isBuyerMaker": false,
        "isBestMatch": true
    },
    {
        "id": 86025994,
        "price": "0.00005301",
        "qty": "41.00000000",
        "quoteQty": "0.00217341",
        "time": 1629628658248,
        "isBuyerMaker": true,
        "isBestMatch": true
    },
    {
        "id": 86025995,
        "price": "0.00005301",
        "qty": "41.00000000",
        "quoteQty": "0.00217341",
        "time": 1629628658248,
        "isBuyerMaker": true,
        "isBestMatch": true
    },
    {
        "id": 86025996,
        "price": "0.00005301",
        "qty": "1400.00000000",
        "quoteQty": "0.07421400",
        "time": 1629628658248,
        "isBuyerMaker": true,
        "isBestMatch": true
    },
    {
        "id": 86025997,
        "price": "0.00005301",
        "qty": "2055.00000000",
        "quoteQty": "0.10893555",
        "time": 1629628658248,
        "isBuyerMaker": true,
        "isBestMatch": true
    },
    {
        "id": 86025998,
        "price": "0.00005300",
        "qty": "82.00000000",
        "quoteQty": "0.00434600",
        "time": 1629628658264,
        "isBuyerMaker": true,
        "isBestMatch": true
    },
    {
        "id": 86025999,
        "price": "0.00005299",
        "qty": "82.00000000",
        "quoteQty": "0.00434518",
        "time": 1629628658279,
        "isBuyerMaker": true,
        "isBestMatch": true
    },
    {
        "id": 86026000,
        "price": "0.00005299",
        "qty": "566.00000000",
        "quoteQty": "0.02999234",
        "time": 1629628658279,
        "isBuyerMaker": true,
        "isBestMatch": true
    },
    {
        "id": 86026001,
        "price": "0.00005299",
        "qty": "383.00000000",
        "quoteQty": "0.02029517",
        "time": 1629628658279,
        "isBuyerMaker": true,
        "isBestMatch": true
    },
    {
        "id": 86026002,
        "price": "0.00005299",
        "qty": "764.00000000",
        "quoteQty": "0.04048436",
        "time": 1629628658279,
        "isBuyerMaker": true,
        "isBestMatch": true
    },
    {
        "id": 86026003,
        "price": "0.00005298",
        "qty": "41.00000000",
        "quoteQty": "0.00217218",
        "time": 1629628658285,
        "isBuyerMaker": true,
        "isBestMatch": true
    },
    {
        "id": 86026004,
        "price": "0.00005298",
        "qty": "41.00000000",
        "quoteQty": "0.00217218",
        "time": 1629628658285,
        "isBuyerMaker": true,
        "isBestMatch": true
    },
    {
        "id": 86026005,
        "price": "0.00005298",
        "qty": "2.00000000",
        "quoteQty": "0.00010596",
        "time": 1629628658285,
        "isBuyerMaker": true,
        "isBestMatch": true
    },
    {
        "id": 86026006,
        "price": "0.00005298",
        "qty": "514.00000000",
        "quoteQty": "0.02723172",
        "time": 1629628658285,
        "isBuyerMaker": true,
        "isBestMatch": true
    },
    {
        "id": 86026007,
        "price": "0.00005299",
        "qty": "183.00000000",
        "quoteQty": "0.00969717",
        "time": 1629628658513,
        "isBuyerMaker": false,
        "isBestMatch": true
    },
    {
        "id": 86026008,
        "price": "0.00005297",
        "qty": "24.00000000",
        "quoteQty": "0.00127128",
        "time": 1629628659745,
        "isBuyerMaker": true,
        "isBestMatch": true
    },
    {
        "id": 86026009,
        "price": "0.00005299",
        "qty": "2317.00000000",
        "quoteQty": "0.12277783",
        "time": 1629628660951,
        "isBuyerMaker": false,
        "isBestMatch": true
    },
    {
        "id": 86026010,
        "price": "0.00005299",
        "qty": "82.00000000",
        "quoteQty": "0.00434518",
        "time": 1629628660951,
        "isBuyerMaker": false,
        "isBestMatch": true
    },
    {
        "id": 86026011,
        "price": "0.00005299",
        "qty": "566.00000000",
        "quoteQty": "0.02999234",
        "time": 1629628660951,
        "isBuyerMaker": false,
        "isBestMatch": true
    },
    {
        "id": 86026012,
        "price": "0.00005299",
        "qty": "2425.00000000",
        "quoteQty": "0.12850075",
        "time": 1629628660951,
        "isBuyerMaker": false,
        "isBestMatch": true
    },
    {
        "id": 86026013,
        "price": "0.00005299",
        "qty": "1987.00000000",
        "quoteQty": "0.10529113",
        "time": 1629628660986,
        "isBuyerMaker": false,
        "isBestMatch": true
    },
    {
        "id": 86026014,
        "price": "0.00005299",
        "qty": "513.00000000",
        "quoteQty": "0.02718387",
        "time": 1629628660994,
        "isBuyerMaker": false,
        "isBestMatch": true
    },
    {
        "id": 86026015,
        "price": "0.00005300",
        "qty": "1400.00000000",
        "quoteQty": "0.07420000",
        "time": 1629628661141,
        "isBuyerMaker": false,
        "isBestMatch": true
    },
    {
        "id": 86026016,
        "price": "0.00005300",
        "qty": "688.00000000",
        "quoteQty": "0.03646400",
        "time": 1629628661141,
        "isBuyerMaker": false,
        "isBestMatch": true
    },
    {
        "id": 86026017,
        "price": "0.00005300",
        "qty": "325.00000000",
        "quoteQty": "0.01722500",
        "time": 1629628661187,
        "isBuyerMaker": false,
        "isBestMatch": true
    },
    {
        "id": 86026018,
        "price": "0.00005299",
        "qty": "41.00000000",
        "quoteQty": "0.00217259",
        "time": 1629628662054,
        "isBuyerMaker": true,
        "isBestMatch": true
    },
    {
        "id": 86026019,
        "price": "0.00005299",
        "qty": "8.00000000",
        "quoteQty": "0.00042392",
        "time": 1629628665390,
        "isBuyerMaker": false,
        "isBestMatch": true
    },
    {
        "id": 86026020,
        "price": "0.00005299",
        "qty": "74.00000000",
        "quoteQty": "0.00392126",
        "time": 1629628665429,
        "isBuyerMaker": false,
        "isBestMatch": true
    },
    {
        "id": 86026021,
        "price": "0.00005299",
        "qty": "54.00000000",
        "quoteQty": "0.00286146",
        "time": 1629628665429,
        "isBuyerMaker": false,
        "isBestMatch": true
    },
    {
        "id": 86026022,
        "price": "0.00005299",
        "qty": "12.00000000",
        "quoteQty": "0.00063588",
        "time": 1629628667300,
        "isBuyerMaker": false,
        "isBestMatch": true
    },
    {
        "id": 86026023,
        "price": "0.00005299",
        "qty": "128.00000000",
        "quoteQty": "0.00678272",
        "time": 1629628667428,
        "isBuyerMaker": false,
        "isBestMatch": true
    },
    {
        "id": 86026024,
        "price": "0.00005299",
        "qty": "128.00000000",
        "quoteQty": "0.00678272",
        "time": 1629628668431,
        "isBuyerMaker": false,
        "isBestMatch": true
    },
    {
        "id": 86026025,
        "price": "0.00005299",
        "qty": "122.00000000",
        "quoteQty": "0.00646478",
        "time": 1629628671530,
        "isBuyerMaker": false,
        "isBestMatch": true
    },
    {
        "id": 86026026,
        "price": "0.00005299",
        "qty": "110.00000000",
        "quoteQty": "0.00582890",
        "time": 1629628671530,
        "isBuyerMaker": false,
        "isBestMatch": true
    },
    {
        "id": 86026027,
        "price": "0.00005299",
        "qty": "1850.00000000",
        "quoteQty": "0.09803150",
        "time": 1629628671531,
        "isBuyerMaker": false,
        "isBestMatch": true
    },
    {
        "id": 86026028,
        "price": "0.00005299",
        "qty": "25.00000000",
        "quoteQty": "0.00132475",
        "time": 1629628671534,
        "isBuyerMaker": false,
        "isBestMatch": true
    },
    {
        "id": 86026029,
        "price": "0.00005299",
        "qty": "850.00000000",
        "quoteQty": "0.04504150",
        "time": 1629628671534,
        "isBuyerMaker": false,
        "isBestMatch": true
    },
    {
        "id": 86026030,
        "price": "0.00005299",
        "qty": "244.00000000",
        "quoteQty": "0.01292956",
        "time": 1629628671534,
        "isBuyerMaker": false,
        "isBestMatch": true
    },
    {
        "id": 86026031,
        "price": "0.00005300",
        "qty": "601.00000000",
        "quoteQty": "0.03185300",
        "time": 1629628671716,
        "isBuyerMaker": false,
        "isBestMatch": true
    },
    {
        "id": 86026032,
        "price": "0.00005300",
        "qty": "675.00000000",
        "quoteQty": "0.03577500",
        "time": 1629628671721,
        "isBuyerMaker": false,
        "isBestMatch": true
    },
    {
        "id": 86026033,
        "price": "0.00005300",
        "qty": "211.00000000",
        "quoteQty": "0.01118300",
        "time": 1629628671722,
        "isBuyerMaker": false,
        "isBestMatch": true
    },
    {
        "id": 86026034,
        "price": "0.00005300",
        "qty": "82.00000000",
        "quoteQty": "0.00434600",
        "time": 1629628671722,
        "isBuyerMaker": false,
        "isBestMatch": true
    },
    {
        "id": 86026035,
        "price": "0.00005300",
        "qty": "521.00000000",
        "quoteQty": "0.02761300",
        "time": 1629628671722,
        "isBuyerMaker": false,
        "isBestMatch": true
    },
    {
        "id": 86026036,
        "price": "0.00005301",
        "qty": "885.00000000",
        "quoteQty": "0.04691385",
        "time": 1629628672896,
        "isBuyerMaker": false,
        "isBestMatch": true
    },
    {
        "id": 86026037,
        "price": "0.00005301",
        "qty": "82.00000000",
        "quoteQty": "0.00434682",
        "time": 1629628672896,
        "isBuyerMaker": false,
        "isBestMatch": true
    },
    {
        "id": 86026038,
        "price": "0.00005301",
        "qty": "2500.00000000",
        "quoteQty": "0.13252500",
        "time": 1629628672896,
        "isBuyerMaker": false,
        "isBestMatch": true
    },
    {
        "id": 86026039,
        "price": "0.00005302",
        "qty": "15.00000000",
        "quoteQty": "0.00079530",
        "time": 1629628672896,
        "isBuyerMaker": false,
        "isBestMatch": true
    },
    {
        "id": 86026040,
        "price": "0.00005302",
        "qty": "2814.00000000",
        "quoteQty": "0.14919828",
        "time": 1629628672896,
        "isBuyerMaker": false,
        "isBestMatch": true
    },
    {
        "id": 86026041,
        "price": "0.00005300",
        "qty": "41.00000000",
        "quoteQty": "0.00217300",
        "time": 1629628674405,
        "isBuyerMaker": true,
        "isBestMatch": true
    },
    {
        "id": 86026042,
        "price": "0.00005299",
        "qty": "41.00000000",
        "quoteQty": "0.00217259",
        "time": 1629628674651,
        "isBuyerMaker": true,
        "isBestMatch": true
    },
    {
        "id": 86026043,
        "price": "0.00005299",
        "qty": "41.00000000",
        "quoteQty": "0.00217259",
        "time": 1629628674651,
        "isBuyerMaker": true,
        "isBestMatch": true
    },
    {
        "id": 86026044,
        "price": "0.00005300",
        "qty": "22.00000000",
        "quoteQty": "0.00116600",
        "time": 1629628676461,
        "isBuyerMaker": true,
        "isBestMatch": true
    },
    {
        "id": 86026045,
        "price": "0.00005300",
        "qty": "9.00000000",
        "quoteQty": "0.00047700",
        "time": 1629628678360,
        "isBuyerMaker": true,
        "isBestMatch": true
    },
    {
        "id": 86026046,
        "price": "0.00005300",
        "qty": "10.00000000",
        "quoteQty": "0.00053000",
        "time": 1629628680656,
        "isBuyerMaker": true,
        "isBestMatch": true
    },
    {
        "id": 86026047,
        "price": "0.00005300",
        "qty": "2061.00000000",
        "quoteQty": "0.10923300",
        "time": 1629628680656,
        "isBuyerMaker": true,
        "isBestMatch": true
    },
    {
        "id": 86026048,
        "price": "0.00005299",
        "qty": "41.00000000",
        "quoteQty": "0.00217259",
        "time": 1629628680656,
        "isBuyerMaker": true,
        "isBestMatch": true
    },
    {
        "id": 86026049,
        "price": "0.00005299",
        "qty": "849.00000000",
        "quoteQty": "0.04498851",
        "time": 1629628680656,
        "isBuyerMaker": true,
        "isBestMatch": true
    },
    {
        "id": 86026050,
        "price": "0.00005299",
        "qty": "7.00000000",
        "quoteQty": "0.00037093",
        "time": 1629628682851,
        "isBuyerMaker": true,
        "isBestMatch": true
    },
    {
        "id": 86026051,
        "price": "0.00005299",
        "qty": "34.00000000",
        "quoteQty": "0.00180166",
        "time": 1629628683019,
        "isBuyerMaker": true,
        "isBestMatch": true
    },
    {
        "id": 86026052,
        "price": "0.00005299",
        "qty": "4.00000000",
        "quoteQty": "0.00021196",
        "time": 1629628683019,
        "isBuyerMaker": true,
        "isBestMatch": true
    },
    {
        "id": 86026053,
        "price": "0.00005299",
        "qty": "890.00000000",
        "quoteQty": "0.04716110",
        "time": 1629628683019,
        "isBuyerMaker": true,
        "isBestMatch": true
    },
    {
        "id": 86026054,
        "price": "0.00005299",
        "qty": "216.00000000",
        "quoteQty": "0.01144584",
        "time": 1629628684403,
        "isBuyerMaker": false,
        "isBestMatch": true
    },
    {
        "id": 86026055,
        "price": "0.00005298",
        "qty": "41.00000000",
        "quoteQty": "0.00217218",
        "time": 1629628684529,
        "isBuyerMaker": true,
        "isBestMatch": true
    },
    {
        "id": 86026056,
        "price": "0.00005298",
        "qty": "41.00000000",
        "quoteQty": "0.00217218",
        "time": 1629628684529,
        "isBuyerMaker": true,
        "isBestMatch": true
    },
    {
        "id": 86026057,
        "price": "0.00005298",
        "qty": "2500.00000000",
        "quoteQty": "0.13245000",
        "time": 1629628684529,
        "isBuyerMaker": true,
        "isBestMatch": true
    },
    {
        "id": 86026058,
        "price": "0.00005297",
        "qty": "58.00000000",
        "quoteQty": "0.00307226",
        "time": 1629628684538,
        "isBuyerMaker": true,
        "isBestMatch": true
    },
    {
        "id": 86026059,
        "price": "0.00005297",
        "qty": "46.00000000",
        "quoteQty": "0.00243662",
        "time": 1629628684538,
        "isBuyerMaker": true,
        "isBestMatch": true
    },
    {
        "id": 86026060,
        "price": "0.00005297",
        "qty": "24.00000000",
        "quoteQty": "0.00127128",
        "time": 1629628684538,
        "isBuyerMaker": true,
        "isBestMatch": true
    },
    {
        "id": 86026061,
        "price": "0.00005297",
        "qty": "2500.00000000",
        "quoteQty": "0.13242500",
        "time": 1629628684538,
        "isBuyerMaker": true,
        "isBestMatch": true
    },
    {
        "id": 86026062,
        "price": "0.00005297",
        "qty": "2500.00000000",
        "quoteQty": "0.13242500",
        "time": 1629628684552,
        "isBuyerMaker": true,
        "isBestMatch": true
    },
    {
        "id": 86026063,
        "price": "0.00005297",
        "qty": "2500.00000000",
        "quoteQty": "0.13242500",
        "time": 1629628684571,
        "isBuyerMaker": true,
        "isBestMatch": true
    },
    {
        "id": 86026064,
        "price": "0.00005296",
        "qty": "41.00000000",
        "quoteQty": "0.00217136",
        "time": 1629628684571,
        "isBuyerMaker": true,
        "isBestMatch": true
    },
    {
        "id": 86026065,
        "price": "0.00005296",
        "qty": "41.00000000",
        "quoteQty": "0.00217136",
        "time": 1629628684571,
        "isBuyerMaker": true,
        "isBestMatch": true
    },
    {
        "id": 86026066,
        "price": "0.00005296",
        "qty": "7.00000000",
        "quoteQty": "0.00037072",
        "time": 1629628684571,
        "isBuyerMaker": true,
        "isBestMatch": true
    },
    {
        "id": 86026067,
        "price": "0.00005296",
        "qty": "255.00000000",
        "quoteQty": "0.01350480",
        "time": 1629628684571,
        "isBuyerMaker": true,
        "isBestMatch": true
    },
    {
        "id": 86026068,
        "price": "0.00005296",
        "qty": "306.00000000",
        "quoteQty": "0.01620576",
        "time": 1629628684571,
        "isBuyerMaker": true,
        "isBestMatch": true
    },
    {
        "id": 86026069,
        "price": "0.00005296",
        "qty": "172.00000000",
        "quoteQty": "0.00910912",
        "time": 1629628684575,
        "isBuyerMaker": true,
        "isBestMatch": true
    },
    {
        "id": 86026070,
        "price": "0.00005296",
        "qty": "764.00000000",
        "quoteQty": "0.04046144",
        "time": 1629628684575,
        "isBuyerMaker": true,
        "isBestMatch": true
    },
    {
        "id": 86026071,
        "price": "0.00005296",
        "qty": "1181.00000000",
        "quoteQty": "0.06254576",
        "time": 1629628684575,
        "isBuyerMaker": true,
        "isBestMatch": true
    },
    {
        "id": 86026072,
        "price": "0.00005296",
        "qty": "1033.00000000",
        "quoteQty": "0.05470768",
        "time": 1629628684575,
        "isBuyerMaker": true,
        "isBestMatch": true
    },
    {
        "id": 86026073,
        "price": "0.00005297",
        "qty": "969.00000000",
        "quoteQty": "0.05132793",
        "time": 1629628684593,
        "isBuyerMaker": true,
        "isBestMatch": true
    },
    {
        "id": 86026074,
        "price": "0.00005297",
        "qty": "82.00000000",
        "quoteQty": "0.00434354",
        "time": 1629628684624,
        "isBuyerMaker": false,
        "isBestMatch": true
    },
    {
        "id": 86026075,
        "price": "0.00005296",
        "qty": "703.00000000",
        "quoteQty": "0.03723088",
        "time": 1629628689219,
        "isBuyerMaker": true,
        "isBestMatch": true
    },
    {
        "id": 86026076,
        "price": "0.00005296",
        "qty": "535.00000000",
        "quoteQty": "0.02833360",
        "time": 1629628689219,
        "isBuyerMaker": true,
        "isBestMatch": true
    },
    {
        "id": 86026077,
        "price": "0.00005295",
        "qty": "2.00000000",
        "quoteQty": "0.00010590",
        "time": 1629628689484,
        "isBuyerMaker": true,
        "isBestMatch": true
    },
    {
        "id": 86026078,
        "price": "0.00005296",
        "qty": "908.00000000",
        "quoteQty": "0.04808768",
        "time": 1629628691665,
        "isBuyerMaker": false,
        "isBestMatch": true
    },
    {
        "id": 86026079,
        "price": "0.00005296",
        "qty": "82.00000000",
        "quoteQty": "0.00434272",
        "time": 1629628691665,
        "isBuyerMaker": false,
        "isBestMatch": true
    },
    {
        "id": 86026080,
        "price": "0.00005296",
        "qty": "2500.00000000",
        "quoteQty": "0.13240000",
        "time": 1629628691665,
        "isBuyerMaker": false,
        "isBestMatch": true
    },
    {
        "id": 86026081,
        "price": "0.00005296",
        "qty": "2062.00000000",
        "quoteQty": "0.10920352",
        "time": 1629628691665,
        "isBuyerMaker": false,
        "isBestMatch": true
    },
    {
        "id": 86026082,
        "price": "0.00005296",
        "qty": "6117.00000000",
        "quoteQty": "0.32395632",
        "time": 1629628691665,
        "isBuyerMaker": false,
        "isBestMatch": true
    },
    {
        "id": 86026083,
        "price": "0.00005296",
        "qty": "40.00000000",
        "quoteQty": "0.00211840",
        "time": 1629628693366,
        "isBuyerMaker": false,
        "isBestMatch": true
    },
    {
        "id": 86026084,
        "price": "0.00005296",
        "qty": "974.00000000",
        "quoteQty": "0.05158304",
        "time": 1629628693366,
        "isBuyerMaker": false,
        "isBestMatch": true
    },
    {
        "id": 86026085,
        "price": "0.00005295",
        "qty": "39.00000000",
        "quoteQty": "0.00206505",
        "time": 1629628698129,
        "isBuyerMaker": true,
        "isBestMatch": true
    },
    {
        "id": 86026086,
        "price": "0.00005295",
        "qty": "41.00000000",
        "quoteQty": "0.00217095",
        "time": 1629628698129,
        "isBuyerMaker": true,
        "isBestMatch": true
    },
    {
        "id": 86026087,
        "price": "0.00005295",
        "qty": "266.00000000",
        "quoteQty": "0.01408470",
        "time": 1629628698129,
        "isBuyerMaker": true,
        "isBestMatch": true
    },
    {
        "id": 86026088,
        "price": "0.00005295",
        "qty": "24.00000000",
        "quoteQty": "0.00127080",
        "time": 1629628698129,
        "isBuyerMaker": true,
        "isBestMatch": true
    },
    {
        "id": 86026089,
        "price": "0.00005294",
        "qty": "41.00000000",
        "quoteQty": "0.00217054",
        "time": 1629628698164,
        "isBuyerMaker": true,
        "isBestMatch": true
    },
    {
        "id": 86026090,
        "price": "0.00005294",
        "qty": "41.00000000",
        "quoteQty": "0.00217054",
        "time": 1629628698164,
        "isBuyerMaker": true,
        "isBestMatch": true
    },
    {
        "id": 86026091,
        "price": "0.00005294",
        "qty": "7.00000000",
        "quoteQty": "0.00037058",
        "time": 1629628698164,
        "isBuyerMaker": true,
        "isBestMatch": true
    },
    {
        "id": 86026092,
        "price": "0.00005294",
        "qty": "1380.00000000",
        "quoteQty": "0.07305720",
        "time": 1629628698946,
        "isBuyerMaker": false,
        "isBestMatch": true
    },
    {
        "id": 86026093,
        "price": "0.00005294",
        "qty": "1684.00000000",
        "quoteQty": "0.08915096",
        "time": 1629628698946,
        "isBuyerMaker": false,
        "isBestMatch": true
    },
    {
        "id": 86026094,
        "price": "0.00005294",
        "qty": "816.00000000",
        "quoteQty": "0.04319904",
        "time": 1629628698948,
        "isBuyerMaker": false,
        "isBestMatch": true
    },
    {
        "id": 86026095,
        "price": "0.00005294",
        "qty": "82.00000000",
        "quoteQty": "0.00434108",
        "time": 1629628698948,
        "isBuyerMaker": false,
        "isBestMatch": true
    },
    {
        "id": 86026096,
        "price": "0.00005294",
        "qty": "1402.00000000",
        "quoteQty": "0.07422188",
        "time": 1629628698948,
        "isBuyerMaker": false,
        "isBestMatch": true
    },
    {
        "id": 86026097,
        "price": "0.00005294",
        "qty": "3795.00000000",
        "quoteQty": "0.20090730",
        "time": 1629628698956,
        "isBuyerMaker": false,
        "isBestMatch": true
    },
    {
        "id": 86026098,
        "price": "0.00005294",
        "qty": "2500.00000000",
        "quoteQty": "0.13235000",
        "time": 1629628698958,
        "isBuyerMaker": false,
        "isBestMatch": true
    },
    {
        "id": 86026099,
        "price": "0.00005295",
        "qty": "1264.00000000",
        "quoteQty": "0.06692880",
        "time": 1629628698958,
        "isBuyerMaker": false,
        "isBestMatch": true
    },
    {
        "id": 86026100,
        "price": "0.00005295",
        "qty": "82.00000000",
        "quoteQty": "0.00434190",
        "time": 1629628698958,
        "isBuyerMaker": false,
        "isBestMatch": true
    },
    {
        "id": 86026101,
        "price": "0.00005295",
        "qty": "2418.00000000",
        "quoteQty": "0.12803310",
        "time": 1629628698992,
        "isBuyerMaker": false,
        "isBestMatch": true
    },
    {
        "id": 86026102,
        "price": "0.00005295",
        "qty": "82.00000000",
        "quoteQty": "0.00434190",
        "time": 1629628698992,
        "isBuyerMaker": false,
        "isBestMatch": true
    },
    {
        "id": 86026103,
        "price": "0.00005295",
        "qty": "1719.00000000",
        "quoteQty": "0.09102105",
        "time": 1629628699004,
        "isBuyerMaker": false,
        "isBestMatch": true
    },
    {
        "id": 86026104,
        "price": "0.00005295",
        "qty": "781.00000000",
        "quoteQty": "0.04135395",
        "time": 1629628699008,
        "isBuyerMaker": false,
        "isBestMatch": true
    },
    {
        "id": 86026105,
        "price": "0.00005296",
        "qty": "1526.00000000",
        "quoteQty": "0.08081696",
        "time": 1629628699012,
        "isBuyerMaker": false,
        "isBestMatch": true
    },
    {
        "id": 86026106,
        "price": "0.00005296",
        "qty": "2062.00000000",
        "quoteQty": "0.10920352",
        "time": 1629628699012,
        "isBuyerMaker": false,
        "isBestMatch": true
    },
    {
        "id": 86026107,
        "price": "0.00005296",
        "qty": "82.00000000",
        "quoteQty": "0.00434272",
        "time": 1629628699012,
        "isBuyerMaker": false,
        "isBestMatch": true
    },
    {
        "id": 86026108,
        "price": "0.00005296",
        "qty": "383.00000000",
        "quoteQty": "0.02028368",
        "time": 1629628699012,
        "isBuyerMaker": false,
        "isBestMatch": true
    },
    {
        "id": 86026109,
        "price": "0.00005295",
        "qty": "491.00000000",
        "quoteQty": "0.02599845",
        "time": 1629628699397,
        "isBuyerMaker": true,
        "isBestMatch": true
    },
    {
        "id": 86026110,
        "price": "0.00005295",
        "qty": "41.00000000",
        "quoteQty": "0.00217095",
        "time": 1629628699397,
        "isBuyerMaker": true,
        "isBestMatch": true
    },
    {
        "id": 86026111,
        "price": "0.00005295",
        "qty": "41.00000000",
        "quoteQty": "0.00217095",
        "time": 1629628699397,
        "isBuyerMaker": true,
        "isBestMatch": true
    },
    {
        "id": 86026112,
        "price": "0.00005295",
        "qty": "266.00000000",
        "quoteQty": "0.01408470",
        "time": 1629628699544,
        "isBuyerMaker": false,
        "isBestMatch": true
    },
    {
        "id": 86026113,
        "price": "0.00005294",
        "qty": "82.00000000",
        "quoteQty": "0.00434108",
        "time": 1629628699662,
        "isBuyerMaker": true,
        "isBestMatch": true
    },
    {
        "id": 86026114,
        "price": "0.00005294",
        "qty": "7.00000000",
        "quoteQty": "0.00037058",
        "time": 1629628704154,
        "isBuyerMaker": false,
        "isBestMatch": true
    },
    {
        "id": 86026115,
        "price": "0.00005294",
        "qty": "10.00000000",
        "quoteQty": "0.00052940",
        "time": 1629628705801,
        "isBuyerMaker": false,
        "isBestMatch": true
    },
    {
        "id": 86026116,
        "price": "0.00005294",
        "qty": "65.00000000",
        "quoteQty": "0.00344110",
        "time": 1629628707595,
        "isBuyerMaker": false,
        "isBestMatch": true
    },
    {
        "id": 86026117,
        "price": "0.00005294",
        "qty": "33.00000000",
        "quoteQty": "0.00174702",
        "time": 1629628707595,
        "isBuyerMaker": false,
        "isBestMatch": true
    },
    {
        "id": 86026118,
        "price": "0.00005294",
        "qty": "15.00000000",
        "quoteQty": "0.00079410",
        "time": 1629628707605,
        "isBuyerMaker": false,
        "isBestMatch": true
    },
    {
        "id": 86026119,
        "price": "0.00005295",
        "qty": "2234.00000000",
        "quoteQty": "0.11829030",
        "time": 1629628707622,
        "isBuyerMaker": false,
        "isBestMatch": true
    },
    {
        "id": 86026120,
        "price": "0.00005295",
        "qty": "82.00000000",
        "quoteQty": "0.00434190",
        "time": 1629628707622,
        "isBuyerMaker": false,
        "isBestMatch": true
    },
    {
        "id": 86026121,
        "price": "0.00005294",
        "qty": "3.00000000",
        "quoteQty": "0.00015882",
        "time": 1629628710384,
        "isBuyerMaker": true,
        "isBestMatch": true
    },
    {
        "id": 86026122,
        "price": "0.00005296",
        "qty": "82.00000000",
        "quoteQty": "0.00434272",
        "time": 1629628710794,
        "isBuyerMaker": false,
        "isBestMatch": true
    },
    {
        "id": 86026123,
        "price": "0.00005296",
        "qty": "46.00000000",
        "quoteQty": "0.00243616",
        "time": 1629628710794,
        "isBuyerMaker": false,
        "isBestMatch": true
    },
    {
        "id": 86026124,
        "price": "0.00005296",
        "qty": "398.00000000",
        "quoteQty": "0.02107808",
        "time": 1629628710909,
        "isBuyerMaker": false,
        "isBestMatch": true
    },
    {
        "id": 86026125,
        "price": "0.00005296",
        "qty": "4.00000000",
        "quoteQty": "0.00021184",
        "time": 1629628710909,
        "isBuyerMaker": false,
        "isBestMatch": true
    },
    {
        "id": 86026126,
        "price": "0.00005296",
        "qty": "200.00000000",
        "quoteQty": "0.01059200",
        "time": 1629628710948,
        "isBuyerMaker": false,
        "isBestMatch": true
    },
    {
        "id": 86026127,
        "price": "0.00005297",
        "qty": "82.00000000",
        "quoteQty": "0.00434354",
        "time": 1629628711009,
        "isBuyerMaker": false,
        "isBestMatch": true
    },
    {
        "id": 86026128,
        "price": "0.00005297",
        "qty": "134.00000000",
        "quoteQty": "0.00709798",
        "time": 1629628711009,
        "isBuyerMaker": false,
        "isBestMatch": true
    },
    {
        "id": 86026129,
        "price": "0.00005297",
        "qty": "365.00000000",
        "quoteQty": "0.01933405",
        "time": 1629628712338,
        "isBuyerMaker": false,
        "isBestMatch": true
    },
    {
        "id": 86026130,
        "price": "0.00005297",
        "qty": "41.00000000",
        "quoteQty": "0.00217177",
        "time": 1629628715107,
        "isBuyerMaker": true,
        "isBestMatch": true
    },
    {
        "id": 86026131,
        "price": "0.00005296",
        "qty": "41.00000000",
        "quoteQty": "0.00217136",
        "time": 1629628715886,
        "isBuyerMaker": true,
        "isBestMatch": true
    },
    {
        "id": 86026132,
        "price": "0.00005296",
        "qty": "41.00000000",
        "quoteQty": "0.00217136",
        "time": 1629628715886,
        "isBuyerMaker": true,
        "isBestMatch": true
    },
    {
        "id": 86026133,
        "price": "0.00005295",
        "qty": "41.00000000",
        "quoteQty": "0.00217095",
        "time": 1629628715900,
        "isBuyerMaker": true,
        "isBestMatch": true
    },
    {
        "id": 86026134,
        "price": "0.00005295",
        "qty": "41.00000000",
        "quoteQty": "0.00217095",
        "time": 1629628715900,
        "isBuyerMaker": true,
        "isBestMatch": true
    },
    {
        "id": 86026135,
        "price": "0.00005296",
        "qty": "82.00000000",
        "quoteQty": "0.00434272",
        "time": 1629628716093,
        "isBuyerMaker": false,
        "isBestMatch": true
    },
    {
        "id": 86026136,
        "price": "0.00005297",
        "qty": "10.00000000",
        "quoteQty": "0.00052970",
        "time": 1629628716093,
        "isBuyerMaker": false,
        "isBestMatch": true
    },
    {
        "id": 86026137,
        "price": "0.00005296",
        "qty": "41.00000000",
        "quoteQty": "0.00217136",
        "time": 1629628716154,
        "isBuyerMaker": true,
        "isBestMatch": true
    },
    {
        "id": 86026138,
        "price": "0.00005295",
        "qty": "77.00000000",
        "quoteQty": "0.00407715",
        "time": 1629628717655,
        "isBuyerMaker": true,
        "isBestMatch": true
    },
    {
        "id": 86026139,
        "price": "0.00005295",
        "qty": "55.00000000",
        "quoteQty": "0.00291225",
        "time": 1629628717705,
        "isBuyerMaker": true,
        "isBestMatch": true
    },
    {
        "id": 86026140,
        "price": "0.00005295",
        "qty": "82.00000000",
        "quoteQty": "0.00434190",
        "time": 1629628717705,
        "isBuyerMaker": true,
        "isBestMatch": true
    },
    {
        "id": 86026141,
        "price": "0.00005295",
        "qty": "6.00000000",
        "quoteQty": "0.00031770",
        "time": 1629628719598,
        "isBuyerMaker": false,
        "isBestMatch": true
    },
    {
        "id": 86026142,
        "price": "0.00005295",
        "qty": "76.00000000",
        "quoteQty": "0.00402420",
        "time": 1629628724100,
        "isBuyerMaker": false,
        "isBestMatch": true
    },
    {
        "id": 86026143,
        "price": "0.00005295",
        "qty": "621.00000000",
        "quoteQty": "0.03288195",
        "time": 1629628724100,
        "isBuyerMaker": false,
        "isBestMatch": true
    },
    {
        "id": 86026144,
        "price": "0.00005295",
        "qty": "261.00000000",
        "quoteQty": "0.01381995",
        "time": 1629628726574,
        "isBuyerMaker": false,
        "isBestMatch": true
    },
    {
        "id": 86026145,
        "price": "0.00005295",
        "qty": "1436.00000000",
        "quoteQty": "0.07603620",
        "time": 1629628726639,
        "isBuyerMaker": false,
        "isBestMatch": true
    },
    {
        "id": 86026146,
        "price": "0.00005295",
        "qty": "3156.00000000",
        "quoteQty": "0.16711020",
        "time": 1629628726639,
        "isBuyerMaker": false,
        "isBestMatch": true
    },
    {
        "id": 86026147,
        "price": "0.00005295",
        "qty": "45.00000000",
        "quoteQty": "0.00238275",
        "time": 1629628726696,
        "isBuyerMaker": false,
        "isBestMatch": true
    },
    {
        "id": 86026148,
        "price": "0.00005295",
        "qty": "576.00000000",
        "quoteQty": "0.03049920",
        "time": 1629628726712,
        "isBuyerMaker": false,
        "isBestMatch": true
    },
    {
        "id": 86026149,
        "price": "0.00005296",
        "qty": "82.00000000",
        "quoteQty": "0.00434272",
        "time": 1629628726951,
        "isBuyerMaker": false,
        "isBestMatch": true
    },
    {
        "id": 86026150,
        "price": "0.00005297",
        "qty": "72.00000000",
        "quoteQty": "0.00381384",
        "time": 1629628727649,
        "isBuyerMaker": false,
        "isBestMatch": true
    },
    {
        "id": 86026151,
        "price": "0.00005297",
        "qty": "17.00000000",
        "quoteQty": "0.00090049",
        "time": 1629628729046,
        "isBuyerMaker": true,
        "isBestMatch": true
    },
    {
        "id": 86026152,
        "price": "0.00005298",
        "qty": "82.00000000",
        "quoteQty": "0.00434436",
        "time": 1629628729190,
        "isBuyerMaker": false,
        "isBestMatch": true
    },
    {
        "id": 86026153,
        "price": "0.00005299",
        "qty": "82.00000000",
        "quoteQty": "0.00434518",
        "time": 1629628729190,
        "isBuyerMaker": false,
        "isBestMatch": true
    },
    {
        "id": 86026154,
        "price": "0.00005299",
        "qty": "497.00000000",
        "quoteQty": "0.02633603",
        "time": 1629628729190,
        "isBuyerMaker": false,
        "isBestMatch": true
    },
    {
        "id": 86026155,
        "price": "0.00005299",
        "qty": "765.00000000",
        "quoteQty": "0.04053735",
        "time": 1629628729190,
        "isBuyerMaker": false,
        "isBestMatch": true
    },
    {
        "id": 86026156,
        "price": "0.00005299",
        "qty": "259.00000000",
        "quoteQty": "0.01372441",
        "time": 1629628729190,
        "isBuyerMaker": false,
        "isBestMatch": true
    },
    {
        "id": 86026157,
        "price": "0.00005299",
        "qty": "168.00000000",
        "quoteQty": "0.00890232",
        "time": 1629628731188,
        "isBuyerMaker": false,
        "isBestMatch": true
    },
    {
        "id": 86026158,
        "price": "0.00005298",
        "qty": "3705.00000000",
        "quoteQty": "0.19629090",
        "time": 1629628733297,
        "isBuyerMaker": false,
        "isBestMatch": true
    },
    {
        "id": 86026159,
        "price": "0.00005298",
        "qty": "69.00000000",
        "quoteQty": "0.00365562",
        "time": 1629628734583,
        "isBuyerMaker": false,
        "isBestMatch": true
    },
    {
        "id": 86026160,
        "price": "0.00005299",
        "qty": "82.00000000",
        "quoteQty": "0.00434518",
        "time": 1629628736193,
        "isBuyerMaker": false,
        "isBestMatch": true
    },
    {
        "id": 86026161,
        "price": "0.00005299",
        "qty": "218.00000000",
        "quoteQty": "0.01155182",
        "time": 1629628736193,
        "isBuyerMaker": false,
        "isBestMatch": true
    },
    {
        "id": 86026162,
        "price": "0.00005299",
        "qty": "382.00000000",
        "quoteQty": "0.02024218",
        "time": 1629628736474,
        "isBuyerMaker": false,
        "isBestMatch": true
    },
    {
        "id": 86026163,
        "price": "0.00005300",
        "qty": "58.00000000",
        "quoteQty": "0.00307400",
        "time": 1629628737409,
        "isBuyerMaker": false,
        "isBestMatch": true
    },
    {
        "id": 86026164,
        "price": "0.00005300",
        "qty": "24.00000000",
        "quoteQty": "0.00127200",
        "time": 1629628737494,
        "isBuyerMaker": false,
        "isBestMatch": true
    },
    {
        "id": 86026165,
        "price": "0.00005301",
        "qty": "22.00000000",
        "quoteQty": "0.00116622",
        "time": 1629628743202,
        "isBuyerMaker": false,
        "isBestMatch": true
    },
    {
        "id": 86026166,
        "price": "0.00005300",
        "qty": "41.00000000",
        "quoteQty": "0.00217300",
        "time": 1629628745742,
        "isBuyerMaker": true,
        "isBestMatch": true
    },
    {
        "id": 86026167,
        "price": "0.00005299",
        "qty": "41.00000000",
        "quoteQty": "0.00217259",
        "time": 1629628746659,
        "isBuyerMaker": true,
        "isBestMatch": true
    },
    {
        "id": 86026168,
        "price": "0.00005299",
        "qty": "41.00000000",
