[
    {
        "id": 224339554,
        "price": "49312.16000000",
        "qty": "0.00020300",
        "quoteQty": "10.01036848",
        "time": 1629628856849,
        "isBuyerMaker": false,
        "isBestMatch": true
    },
    {
        "id": 224339555,
        "price": "49312.16000000",
        "qty": "0.00020300",
        "quoteQty": "10.01036848",
        "time": 1629628856861,
        "isBuyerMaker": false,
        "isBestMatch": true
    },
    {
        "id": 224339556,
        "price": "49312.15000000",
        "qty": "0.00044600",
        "quoteQty": "21.99321890",
        "time": 1629628857011,
        "isBuyerMaker": true,
        "isBestMatch": true
    },
    {
        "id": 224339557,
        "price": "49312.16000000",
        "qty": "0.00020300",
        "quoteQty": "10.01036848",
        "time": 1629628857233,
        "isBuyerMaker": false,
        "isBestMatch": true
    },
    {
        "id": 224339558,
        "price": "49312.15000000",
        "qty": "0.00021100",
        "quoteQty": "10.40486365",
        "time": 1629628857292,
        "isBuyerMaker": true,
        "isBestMatch": true
    },
    {
        "id": 224339559,
        "price": "49312.16000000",
        "qty": "0.00020300",
        "quoteQty": "10.01036848",
        "time": 1629628857329,
        "isBuyerMaker": false,
        "isBestMatch": true
    },
    {
        "id": 224339560,
        "price": "49312.16000000",
        "qty": "0.00020300",
        "quoteQty": "10.01036848",
        "time": 1629628857800,
        "isBuyerMaker": false,
        "isBestMatch": true
    },
    {
        "id": 224339561,
        "price": "49312.16000000",
        "qty": "0.00020300",
        "quoteQty": "10.01036848",
        "time": 1629628857892,
        "isBuyerMaker": false,
        "isBestMatch": true
    },
    {
        "id": 224339562,
        "price": "49312.16000000",
        "qty": "0.00020300",
        "quoteQty": "10.01036848",
        "time": 1629628857951,
        "isBuyerMaker": false,
        "isBestMatch": true
    },
    {
        "id": 224339563,
        "price": "49312.16000000",
        "qty": "0.00020300",
        "quoteQty": "10.01036848",
        "time": 1629628858186,
        "isBuyerMaker": false,
        "isBestMatch": true
    },
    {
        "id": 224339564,
        "price": "49312.16000000",
        "qty": "0.00020300",
        "quoteQty": "10.01036848",
        "time": 1629628858381,
        "isBuyerMaker": false,
        "isBestMatch": true
    },
    {
        "id": 224339565,
        "price": "49312.16000000",
        "qty": "0.00020300",
        "quoteQty": "10.01036848",
        "time": 1629628858501,
        "isBuyerMaker": false,
        "isBestMatch": true
    },
    {
        "id": 224339566,
        "price": "49312.16000000",
        "qty": "0.00040600",
        "quoteQty": "20.02073696",
        "time": 1629628858698,
        "isBuyerMaker": false,
        "isBestMatch": true
    },
    {
        "id": 224339567,
        "price": "49312.16000000",
        "qty": "0.00020300",
        "quoteQty": "10.01036848",
        "time": 1629628858769,
        "isBuyerMaker": false,
        "isBestMatch": true
    },
    {
        "id": 224339568,
        "price": "49312.15000000",
        "qty": "0.00021500",
        "quoteQty": "10.60211225",
        "time": 1629628858804,
        "isBuyerMaker": true,
        "isBestMatch": true
    },
    {
        "id": 224339569,
        "price": "49312.16000000",
        "qty": "0.00020300",
        "quoteQty": "10.01036848",
        "time": 1629628859032,
        "isBuyerMaker": false,
        "isBestMatch": true
    },
    {
        "id": 224339570,
        "price": "49312.16000000",
        "qty": "0.00020300",
        "quoteQty": "10.01036848",
        "time": 1629628859241,
        "isBuyerMaker": false,
        "isBestMatch": true
    },
    {
        "id": 224339571,
        "price": "49312.15000000",
        "qty": "0.00020500",
        "quoteQty": "10.10899075",
        "time": 1629628859515,
        "isBuyerMaker": true,
        "isBestMatch": true
    },
    {
        "id": 224339572,
        "price": "49312.16000000",
        "qty": "0.00059400",
        "quoteQty": "29.29142304",
        "time": 1629628859556,
        "isBuyerMaker": false,
        "isBestMatch": true
    },
    {
        "id": 224339573,
        "price": "49312.16000000",
        "qty": "0.00020300",
        "quoteQty": "10.01036848",
        "time": 1629628859564,
        "isBuyerMaker": false,
        "isBestMatch": true
    },
    {
        "id": 224339574,
        "price": "49312.15000000",
        "qty": "0.00022200",
        "quoteQty": "10.94729730",
        "time": 1629628859782,
        "isBuyerMaker": true,
        "isBestMatch": true
    },
    {
        "id": 224339575,
        "price": "49312.16000000",
        "qty": "0.00020300",
        "quoteQty": "10.01036848",
        "time": 1629628859904,
        "isBuyerMaker": false,
        "isBestMatch": true
    },
    {
        "id": 224339576,
        "price": "49312.16000000",
        "qty": "0.00020300",
        "quoteQty": "10.01036848",
        "time": 1629628859919,
        "isBuyerMaker": false,
        "isBestMatch": true
    },
    {
        "id": 224339577,
        "price": "49312.15000000",
        "qty": "0.00021100",
        "quoteQty": "10.40486365",
        "time": 1629628860029,
        "isBuyerMaker": true,
        "isBestMatch": true
    },
    {
        "id": 224339578,
        "price": "49312.15000000",
        "qty": "0.02682500",
        "quoteQty": "1322.79842375",
        "time": 1629628860058,
        "isBuyerMaker": true,
        "isBestMatch": true
    },
    {
        "id": 224339579,
        "price": "49312.16000000",
        "qty": "0.00020300",
        "quoteQty": "10.01036848",
        "time": 1629628860111,
        "isBuyerMaker": false,
        "isBestMatch": true
    },
    {
        "id": 224339580,
        "price": "49312.15000000",
        "qty": "0.00915000",
        "quoteQty": "451.20617250",
        "time": 1629628860112,
        "isBuyerMaker": true,
        "isBestMatch": true
    },
    {
        "id": 224339581,
        "price": "49312.15000000",
        "qty": "0.00168500",
        "quoteQty": "83.09097275",
        "time": 1629628860178,
        "isBuyerMaker": true,
        "isBestMatch": true
    },
    {
        "id": 224339582,
        "price": "49312.16000000",
        "qty": "0.00020300",
        "quoteQty": "10.01036848",
        "time": 1629628860426,
        "isBuyerMaker": false,
        "isBestMatch": true
    },
    {
        "id": 224339583,
        "price": "49312.15000000",
        "qty": "0.05766100",
        "quoteQty": "2843.38788115",
        "time": 1629628860455,
        "isBuyerMaker": true,
        "isBestMatch": true
    },
    {
        "id": 224339584,
        "price": "49312.15000000",
        "qty": "0.00100000",
        "quoteQty": "49.31215000",
        "time": 1629628860455,
        "isBuyerMaker": true,
        "isBestMatch": true
    },
    {
        "id": 224339585,
        "price": "49312.15000000",
        "qty": "0.00097300",
        "quoteQty": "47.98072195",
        "time": 1629628860455,
        "isBuyerMaker": true,
        "isBestMatch": true
    },
    {
        "id": 224339586,
        "price": "49312.14000000",
        "qty": "0.01545900",
        "quoteQty": "762.31637226",
        "time": 1629628860506,
        "isBuyerMaker": true,
        "isBestMatch": true
    },
    {
        "id": 224339587,
        "price": "49310.01000000",
        "qty": "0.00020300",
        "quoteQty": "10.00993203",
        "time": 1629628860921,
        "isBuyerMaker": false,
        "isBestMatch": true
    },
    {
        "id": 224339588,
        "price": "49310.01000000",
        "qty": "0.00020300",
        "quoteQty": "10.00993203",
        "time": 1629628861498,
        "isBuyerMaker": false,
        "isBestMatch": true
    },
    {
        "id": 224339589,
        "price": "49310.00000000",
        "qty": "0.00154400",
        "quoteQty": "76.13464000",
        "time": 1629628861543,
        "isBuyerMaker": true,
        "isBestMatch": true
    },
    {
        "id": 224339590,
        "price": "49310.01000000",
        "qty": "0.00020300",
        "quoteQty": "10.00993203",
        "time": 1629628862594,
        "isBuyerMaker": false,
        "isBestMatch": true
    },
    {
        "id": 224339591,
        "price": "49310.01000000",
        "qty": "0.00020300",
        "quoteQty": "10.00993203",
        "time": 1629628862677,
        "isBuyerMaker": false,
        "isBestMatch": true
    },
    {
        "id": 224339592,
        "price": "49310.00000000",
        "qty": "0.08185700",
        "quoteQty": "4036.36867000",
        "time": 1629628862703,
        "isBuyerMaker": true,
        "isBestMatch": true
    },
    {
        "id": 224339593,
        "price": "49310.00000000",
        "qty": "0.00027500",
        "quoteQty": "13.56025000",
        "time": 1629628862703,
        "isBuyerMaker": true,
        "isBestMatch": true
    },
    {
        "id": 224339594,
        "price": "49310.00000000",
        "qty": "0.00100000",
        "quoteQty": "49.31000000",
        "time": 1629628862703,
        "isBuyerMaker": true,
        "isBestMatch": true
    },
    {
        "id": 224339595,
        "price": "49310.00000000",
        "qty": "0.00202800",
        "quoteQty": "100.00068000",
        "time": 1629628862703,
        "isBuyerMaker": true,
        "isBestMatch": true
    },
    {
        "id": 224339596,
        "price": "49310.00000000",
        "qty": "0.00202800",
        "quoteQty": "100.00068000",
        "time": 1629628862703,
        "isBuyerMaker": true,
        "isBestMatch": true
    },
    {
        "id": 224339597,
        "price": "49307.12000000",
        "qty": "0.06392200",
        "quoteQty": "3151.80972464",
        "time": 1629628862703,
        "isBuyerMaker": true,
        "isBestMatch": true
    },
    {
        "id": 224339598,
        "price": "49307.11000000",
        "qty": "0.10000000",
        "quoteQty": "4930.71100000",
        "time": 1629628862703,
        "isBuyerMaker": true,
        "isBestMatch": true
    },
    {
        "id": 224339599,
        "price": "49305.79000000",
        "qty": "0.05938200",
        "quoteQty": "2927.87642178",
        "time": 1629628862703,
        "isBuyerMaker": true,
        "isBestMatch": true
    },
    {
        "id": 224339600,
        "price": "49305.78000000",
        "qty": "0.04056000",
        "quoteQty": "1999.84243680",
        "time": 1629628862703,
        "isBuyerMaker": true,
        "isBestMatch": true
    },
    {
        "id": 224339601,
        "price": "49305.44000000",
        "qty": "0.00202800",
        "quoteQty": "99.99143232",
        "time": 1629628862703,
        "isBuyerMaker": true,
        "isBestMatch": true
    },
    {
        "id": 224339602,
        "price": "49305.44000000",
        "qty": "0.00624700",
        "quoteQty": "308.01108368",
        "time": 1629628862899,
        "isBuyerMaker": false,
        "isBestMatch": true
    },
    {
        "id": 224339603,
        "price": "49305.44000000",
        "qty": "0.00020300",
        "quoteQty": "10.00900432",
        "time": 1629628863007,
        "isBuyerMaker": false,
        "isBestMatch": true
    },
    {
        "id": 224339604,
        "price": "49305.44000000",
        "qty": "0.00020300",
        "quoteQty": "10.00900432",
        "time": 1629628863585,
        "isBuyerMaker": false,
        "isBestMatch": true
    },
    {
        "id": 224339605,
        "price": "49305.44000000",
        "qty": "0.02858300",
        "quoteQty": "1409.29739152",
        "time": 1629628863752,
        "isBuyerMaker": false,
        "isBestMatch": true
    },
    {
        "id": 224339606,
        "price": "49305.44000000",
        "qty": "0.00099200",
        "quoteQty": "48.91099648",
        "time": 1629628865754,
        "isBuyerMaker": false,
        "isBestMatch": true
    },
    {
        "id": 224339607,
        "price": "49305.44000000",
        "qty": "0.00132300",
        "quoteQty": "65.23109712",
        "time": 1629628865806,
        "isBuyerMaker": false,
        "isBestMatch": true
    },
    {
        "id": 224339608,
        "price": "49305.44000000",
        "qty": "0.00248300",
        "quoteQty": "122.42540752",
        "time": 1629628866101,
        "isBuyerMaker": false,
        "isBestMatch": true
    },
    {
        "id": 224339609,
        "price": "49305.44000000",
        "qty": "0.00600000",
        "quoteQty": "295.83264000",
        "time": 1629628866215,
        "isBuyerMaker": false,
        "isBestMatch": true
    },
    {
        "id": 224339610,
        "price": "49305.44000000",
        "qty": "0.00300000",
        "quoteQty": "147.91632000",
        "time": 1629628866282,
        "isBuyerMaker": false,
        "isBestMatch": true
    },
    {
        "id": 224339611,
        "price": "49305.44000000",
        "qty": "0.06000000",
        "quoteQty": "2958.32640000",
        "time": 1629628866914,
        "isBuyerMaker": false,
        "isBestMatch": true
    },
    {
        "id": 224339612,
        "price": "49305.44000000",
        "qty": "0.06000000",
        "quoteQty": "2958.32640000",
        "time": 1629628866914,
        "isBuyerMaker": false,
        "isBestMatch": true
    },
    {
        "id": 224339613,
        "price": "49305.44000000",
        "qty": "0.05200000",
        "quoteQty": "2563.88288000",
        "time": 1629628866916,
        "isBuyerMaker": false,
        "isBestMatch": true
    },
    {
        "id": 224339614,
        "price": "49305.44000000",
        "qty": "0.99058400",
        "quoteQty": "48841.17997696",
        "time": 1629628866922,
        "isBuyerMaker": false,
        "isBestMatch": true
    },
    {
        "id": 224339615,
        "price": "49305.44000000",
        "qty": "0.00027900",
        "quoteQty": "13.75621776",
        "time": 1629628866922,
        "isBuyerMaker": false,
        "isBestMatch": true
    },
    {
        "id": 224339616,
        "price": "49305.45000000",
        "qty": "0.00202800",
        "quoteQty": "99.99145260",
        "time": 1629628866922,
        "isBuyerMaker": false,
        "isBestMatch": true
    },
    {
        "id": 224339617,
        "price": "49305.45000000",
        "qty": "0.00202800",
        "quoteQty": "99.99145260",
        "time": 1629628866922,
        "isBuyerMaker": false,
        "isBestMatch": true
    },
    {
        "id": 224339618,
        "price": "49305.53000000",
        "qty": "0.00277600",
        "quoteQty": "136.87215128",
        "time": 1629628866922,
        "isBuyerMaker": false,
        "isBestMatch": true
    },
    {
        "id": 224339619,
        "price": "49306.38000000",
        "qty": "0.00200000",
        "quoteQty": "98.61276000",
        "time": 1629628866933,
        "isBuyerMaker": false,
        "isBestMatch": true
    },
    {
        "id": 224339620,
        "price": "49306.38000000",
        "qty": "0.00002800",
        "quoteQty": "1.38057864",
        "time": 1629628866942,
        "isBuyerMaker": false,
        "isBestMatch": true
    },
    {
        "id": 224339621,
        "price": "49307.91000000",
        "qty": "0.03497200",
        "quoteQty": "1724.39622852",
        "time": 1629628866942,
        "isBuyerMaker": false,
        "isBestMatch": true
    },
    {
        "id": 224339622,
        "price": "49310.00000000",
        "qty": "0.00200000",
        "quoteQty": "98.62000000",
        "time": 1629628866955,
        "isBuyerMaker": false,
        "isBestMatch": true
    },
    {
        "id": 224339623,
        "price": "49310.00000000",
        "qty": "0.01471800",
        "quoteQty": "725.74458000",
        "time": 1629628867317,
        "isBuyerMaker": false,
        "isBestMatch": true
    },
    {
        "id": 224339624,
        "price": "49310.00000000",
        "qty": "0.00000200",
        "quoteQty": "0.09862000",
        "time": 1629628867712,
        "isBuyerMaker": false,
        "isBestMatch": true
    },
    {
        "id": 224339625,
        "price": "49310.00000000",
        "qty": "0.01788900",
        "quoteQty": "882.10659000",
        "time": 1629628867712,
        "isBuyerMaker": false,
        "isBestMatch": true
    },
    {
        "id": 224339626,
        "price": "49310.00000000",
        "qty": "0.00253900",
        "quoteQty": "125.19809000",
        "time": 1629628867750,
        "isBuyerMaker": false,
        "isBestMatch": true
    },
    {
        "id": 224339627,
        "price": "49310.00000000",
        "qty": "0.05103500",
        "quoteQty": "2516.53585000",
        "time": 1629628867811,
        "isBuyerMaker": false,
        "isBestMatch": true
    },
    {
        "id": 224339628,
        "price": "49310.00000000",
        "qty": "0.00081000",
        "quoteQty": "39.94110000",
        "time": 1629628867856,
        "isBuyerMaker": false,
        "isBestMatch": true
    },
    {
        "id": 224339629,
        "price": "49310.00000000",
        "qty": "0.00655000",
        "quoteQty": "322.98050000",
        "time": 1629628867906,
        "isBuyerMaker": false,
        "isBestMatch": true
    },
    {
        "id": 224339630,
        "price": "49309.99000000",
        "qty": "0.00021200",
        "quoteQty": "10.45371788",
        "time": 1629628868778,
        "isBuyerMaker": true,
        "isBestMatch": true
    },
    {
        "id": 224339631,
        "price": "49309.99000000",
        "qty": "0.00021200",
        "quoteQty": "10.45371788",
        "time": 1629628868965,
        "isBuyerMaker": true,
        "isBestMatch": true
    },
    {
        "id": 224339632,
        "price": "49310.00000000",
        "qty": "0.00002300",
        "quoteQty": "1.13413000",
        "time": 1629628869212,
        "isBuyerMaker": false,
        "isBestMatch": true
    },
    {
        "id": 224339633,
        "price": "49311.89000000",
        "qty": "0.00018000",
        "quoteQty": "8.87614020",
        "time": 1629628869212,
        "isBuyerMaker": false,
        "isBestMatch": true
    },
    {
        "id": 224339634,
        "price": "49311.89000000",
        "qty": "0.00052900",
        "quoteQty": "26.08598981",
        "time": 1629628869261,
        "isBuyerMaker": false,
        "isBestMatch": true
    },
    {
        "id": 224339635,
        "price": "49311.88000000",
        "qty": "0.00021200",
        "quoteQty": "10.45411856",
        "time": 1629628869473,
        "isBuyerMaker": true,
        "isBestMatch": true
    },
    {
        "id": 224339636,
        "price": "49311.88000000",
        "qty": "0.00021300",
        "quoteQty": "10.50343044",
        "time": 1629628869484,
        "isBuyerMaker": true,
        "isBestMatch": true
    },
    {
        "id": 224339637,
        "price": "49311.88000000",
        "qty": "0.00022200",
        "quoteQty": "10.94723736",
        "time": 1629628869624,
        "isBuyerMaker": true,
        "isBestMatch": true
    },
    {
        "id": 224339638,
        "price": "49311.88000000",
        "qty": "0.00811100",
        "quoteQty": "399.96865868",
        "time": 1629628869841,
        "isBuyerMaker": true,
        "isBestMatch": true
    },
    {
        "id": 224339639,
        "price": "49311.89000000",
        "qty": "0.00020300",
        "quoteQty": "10.01031367",
        "time": 1629628870218,
        "isBuyerMaker": false,
        "isBestMatch": true
    },
    {
        "id": 224339640,
        "price": "49311.89000000",
        "qty": "0.00020300",
        "quoteQty": "10.01031367",
        "time": 1629628870355,
        "isBuyerMaker": false,
        "isBestMatch": true
    },
    {
        "id": 224339641,
        "price": "49311.89000000",
        "qty": "0.00040600",
        "quoteQty": "20.02062734",
        "time": 1629628870365,
        "isBuyerMaker": false,
        "isBestMatch": true
    },
    {
        "id": 224339642,
        "price": "49311.89000000",
        "qty": "0.00020300",
        "quoteQty": "10.01031367",
        "time": 1629628870425,
        "isBuyerMaker": false,
        "isBestMatch": true
    },
    {
        "id": 224339643,
        "price": "49311.89000000",
        "qty": "0.00020300",
        "quoteQty": "10.01031367",
        "time": 1629628870640,
        "isBuyerMaker": false,
        "isBestMatch": true
    },
    {
        "id": 224339644,
        "price": "49311.89000000",
        "qty": "0.00010000",
        "quoteQty": "4.93118900",
        "time": 1629628870703,
        "isBuyerMaker": false,
        "isBestMatch": true
    },
    {
        "id": 224339645,
        "price": "49311.89000000",
        "qty": "0.00060000",
        "quoteQty": "29.58713400",
        "time": 1629628870703,
        "isBuyerMaker": false,
        "isBestMatch": true
    },
    {
        "id": 224339646,
        "price": "49311.89000000",
        "qty": "0.00200600",
        "quoteQty": "98.91965134",
        "time": 1629628870703,
        "isBuyerMaker": false,
        "isBestMatch": true
    },
    {
        "id": 224339647,
        "price": "49311.89000000",
        "qty": "0.00002200",
        "quoteQty": "1.08486158",
        "time": 1629628871111,
        "isBuyerMaker": false,
        "isBestMatch": true
    },
    {
        "id": 224339648,
        "price": "49311.89000000",
        "qty": "0.00202600",
        "quoteQty": "99.90588914",
        "time": 1629628871111,
        "isBuyerMaker": false,
        "isBestMatch": true
    },
    {
        "id": 224339649,
        "price": "49311.89000000",
        "qty": "0.00000100",
        "quoteQty": "0.04931189",
        "time": 1629628871439,
        "isBuyerMaker": false,
        "isBestMatch": true
    },
    {
        "id": 224339650,
        "price": "49312.15000000",
        "qty": "0.00113900",
        "quoteQty": "56.16653885",
        "time": 1629628871439,
        "isBuyerMaker": false,
        "isBestMatch": true
    },
    {
        "id": 224339651,
        "price": "49312.15000000",
        "qty": "0.01014100",
        "quoteQty": "500.07451315",
        "time": 1629628871506,
        "isBuyerMaker": false,
        "isBestMatch": true
    },
    {
        "id": 224339652,
        "price": "49312.15000000",
        "qty": "0.00020300",
        "quoteQty": "10.01036645",
        "time": 1629628871786,
        "isBuyerMaker": false,
        "isBestMatch": true
    },
    {
        "id": 224339653,
        "price": "49312.16000000",
        "qty": "0.00184700",
        "quoteQty": "91.07955952",
        "time": 1629628872575,
        "isBuyerMaker": false,
        "isBestMatch": true
    },
    {
        "id": 224339654,
        "price": "49312.15000000",
        "qty": "0.00041100",
        "quoteQty": "20.26729365",
        "time": 1629628872999,
        "isBuyerMaker": true,
        "isBestMatch": true
    },
    {
        "id": 224339655,
        "price": "49312.15000000",
        "qty": "0.00065800",
        "quoteQty": "32.44739470",
        "time": 1629628873054,
        "isBuyerMaker": true,
        "isBestMatch": true
    },
    {
        "id": 224339656,
        "price": "49312.15000000",
        "qty": "0.00340300",
        "quoteQty": "167.80924645",
        "time": 1629628873203,
        "isBuyerMaker": true,
        "isBestMatch": true
    },
    {
        "id": 224339657,
        "price": "49312.16000000",
        "qty": "0.00020300",
        "quoteQty": "10.01036848",
        "time": 1629628873310,
        "isBuyerMaker": false,
        "isBestMatch": true
    },
    {
        "id": 224339658,
        "price": "49312.15000000",
        "qty": "0.00022200",
        "quoteQty": "10.94729730",
        "time": 1629628873650,
        "isBuyerMaker": true,
        "isBestMatch": true
    },
    {
        "id": 224339659,
        "price": "49312.16000000",
        "qty": "0.00028000",
        "quoteQty": "13.80740480",
        "time": 1629628873682,
        "isBuyerMaker": false,
        "isBestMatch": true
    },
    {
        "id": 224339660,
        "price": "49312.15000000",
        "qty": "0.00022200",
        "quoteQty": "10.94729730",
        "time": 1629628873692,
        "isBuyerMaker": true,
        "isBestMatch": true
    },
    {
        "id": 224339661,
        "price": "49312.16000000",
        "qty": "0.00027900",
        "quoteQty": "13.75809264",
        "time": 1629628873806,
        "isBuyerMaker": false,
        "isBestMatch": true
    },
    {
        "id": 224339662,
        "price": "49312.16000000",
        "qty": "0.00020300",
        "quoteQty": "10.01036848",
        "time": 1629628873841,
        "isBuyerMaker": false,
        "isBestMatch": true
    },
    {
        "id": 224339663,
        "price": "49312.16000000",
        "qty": "0.01041600",
        "quoteQty": "513.63545856",
        "time": 1629628874249,
        "isBuyerMaker": false,
        "isBestMatch": true
    },
    {
        "id": 224339664,
        "price": "49312.16000000",
        "qty": "0.00931000",
        "quoteQty": "459.09620960",
        "time": 1629628874249,
        "isBuyerMaker": false,
        "isBestMatch": true
    },
    {
        "id": 224339665,
        "price": "49312.16000000",
        "qty": "0.11853900",
        "quoteQty": "5845.41413424",
        "time": 1629628874249,
        "isBuyerMaker": false,
        "isBestMatch": true
    },
    {
        "id": 224339666,
        "price": "49312.16000000",
        "qty": "0.00020300",
        "quoteQty": "10.01036848",
        "time": 1629628874285,
        "isBuyerMaker": false,
        "isBestMatch": true
    },
    {
        "id": 224339667,
        "price": "49312.15000000",
        "qty": "0.00027900",
        "quoteQty": "13.75808985",
        "time": 1629628874291,
        "isBuyerMaker": true,
        "isBestMatch": true
    },
    {
        "id": 224339668,
        "price": "49312.15000000",
        "qty": "0.00097300",
        "quoteQty": "47.98072195",
        "time": 1629628874291,
        "isBuyerMaker": true,
        "isBestMatch": true
    },
    {
        "id": 224339669,
        "price": "49312.12000000",
        "qty": "0.00020300",
        "quoteQty": "10.01036036",
        "time": 1629628874340,
        "isBuyerMaker": false,
        "isBestMatch": true
    },
    {
        "id": 224339670,
        "price": "49312.12000000",
        "qty": "0.00490300",
        "quoteQty": "241.77732436",
        "time": 1629628874448,
        "isBuyerMaker": false,
        "isBestMatch": true
    },
    {
        "id": 224339671,
        "price": "49312.12000000",
        "qty": "0.00020300",
        "quoteQty": "10.01036036",
        "time": 1629628874449,
        "isBuyerMaker": false,
        "isBestMatch": true
    },
    {
        "id": 224339672,
        "price": "49312.12000000",
        "qty": "0.00020300",
        "quoteQty": "10.01036036",
        "time": 1629628874658,
        "isBuyerMaker": false,
        "isBestMatch": true
    },
    {
        "id": 224339673,
        "price": "49312.11000000",
        "qty": "0.00076900",
        "quoteQty": "37.92101259",
        "time": 1629628874701,
        "isBuyerMaker": true,
        "isBestMatch": true
    },
    {
        "id": 224339674,
        "price": "49311.89000000",
        "qty": "0.00020300",
        "quoteQty": "10.01031367",
        "time": 1629628874855,
        "isBuyerMaker": false,
        "isBestMatch": true
    },
    {
        "id": 224339675,
        "price": "49311.89000000",
        "qty": "0.00020300",
        "quoteQty": "10.01031367",
        "time": 1629628874869,
        "isBuyerMaker": false,
        "isBestMatch": true
    },
    {
        "id": 224339676,
        "price": "49311.89000000",
        "qty": "0.00020300",
        "quoteQty": "10.01031367",
        "time": 1629628875075,
        "isBuyerMaker": false,
        "isBestMatch": true
    },
    {
        "id": 224339677,
        "price": "49311.89000000",
        "qty": "0.00020300",
        "quoteQty": "10.01031367",
        "time": 1629628875133,
        "isBuyerMaker": false,
        "isBestMatch": true
    },
    {
        "id": 224339678,
        "price": "49311.89000000",
        "qty": "0.00020300",
        "quoteQty": "10.01031367",
        "time": 1629628875432,
        "isBuyerMaker": false,
        "isBestMatch": true
    },
    {
        "id": 224339679,
        "price": "49311.89000000",
        "qty": "0.00020300",
        "quoteQty": "10.01031367",
        "time": 1629628875433,
        "isBuyerMaker": false,
        "isBestMatch": true
    },
    {
        "id": 224339680,
        "price": "49311.89000000",
        "qty": "0.00020300",
        "quoteQty": "10.01031367",
        "time": 1629628875485,
        "isBuyerMaker": false,
        "isBestMatch": true
    },
    {
        "id": 224339681,
        "price": "49311.89000000",
        "qty": "0.00020300",
        "quoteQty": "10.01031367",
        "time": 1629628875603,
        "isBuyerMaker": false,
        "isBestMatch": true
    },
    {
        "id": 224339682,
        "price": "49311.89000000",
        "qty": "0.00020300",
        "quoteQty": "10.01031367",
        "time": 1629628875641,
        "isBuyerMaker": false,
        "isBestMatch": true
    },
    {
        "id": 224339683,
        "price": "49311.89000000",
        "qty": "0.00020300",
        "quoteQty": "10.01031367",
        "time": 1629628875680,
        "isBuyerMaker": false,
        "isBestMatch": true
    },
    {
        "id": 224339684,
        "price": "49311.89000000",
        "qty": "0.00020300",
        "quoteQty": "10.01031367",
        "time": 1629628875691,
        "isBuyerMaker": false,
        "isBestMatch": true
    },
    {
        "id": 224339685,
        "price": "49311.89000000",
        "qty": "0.00020300",
        "quoteQty": "10.01031367",
        "time": 1629628875714,
        "isBuyerMaker": false,
        "isBestMatch": true
    },
    {
        "id": 224339686,
        "price": "49311.89000000",
        "qty": "0.00020300",
        "quoteQty": "10.01031367",
        "time": 1629628875732,
        "isBuyerMaker": false,
        "isBestMatch": true
    },
    {
        "id": 224339687,
        "price": "49311.89000000",
        "qty": "0.00020300",
        "quoteQty": "10.01031367",
        "time": 1629628875732,
        "isBuyerMaker": false,
        "isBestMatch": true
    },
    {
        "id": 224339688,
        "price": "49314.34000000",
        "qty": "0.02325000",
        "quoteQty": "1146.55840500",
        "time": 1629628876303,
        "isBuyerMaker": true,
        "isBestMatch": true
    },
    {
        "id": 224339689,
        "price": "49314.34000000",
        "qty": "0.00578600",
        "quoteQty": "285.33277124",
        "time": 1629628876502,
        "isBuyerMaker": true,
        "isBestMatch": true
    },
    {
        "id": 224339690,
        "price": "49314.34000000",
        "qty": "0.00608300",
        "quoteQty": "299.97913022",
        "time": 1629628876935,
        "isBuyerMaker": true,
        "isBestMatch": true
    },
    {
        "id": 224339691,
        "price": "49314.34000000",
        "qty": "0.00202800",
        "quoteQty": "100.00948152",
        "time": 1629628876935,
        "isBuyerMaker": true,
        "isBestMatch": true
    },
    {
        "id": 224339692,
        "price": "49312.60000000",
        "qty": "0.00108700",
        "quoteQty": "53.60279620",
        "time": 1629628876935,
        "isBuyerMaker": true,
        "isBestMatch": true
    },
    {
        "id": 224339693,
        "price": "49311.89000000",
        "qty": "0.00020300",
        "quoteQty": "10.01031367",
        "time": 1629628877633,
        "isBuyerMaker": false,
        "isBestMatch": true
    },
    {
        "id": 224339694,
        "price": "49311.89000000",
        "qty": "0.00040600",
        "quoteQty": "20.02062734",
        "time": 1629628877728,
        "isBuyerMaker": false,
        "isBestMatch": true
    },
    {
        "id": 224339695,
        "price": "49311.88000000",
        "qty": "0.00022200",
        "quoteQty": "10.94723736",
        "time": 1629628877792,
        "isBuyerMaker": true,
        "isBestMatch": true
    },
    {
        "id": 224339696,
        "price": "49311.89000000",
        "qty": "0.00020300",
        "quoteQty": "10.01031367",
        "time": 1629628877796,
        "isBuyerMaker": false,
        "isBestMatch": true
    },
    {
        "id": 224339697,
        "price": "49311.88000000",
        "qty": "0.00021200",
        "quoteQty": "10.45411856",
        "time": 1629628878069,
        "isBuyerMaker": true,
        "isBestMatch": true
    },
    {
        "id": 224339698,
        "price": "49311.89000000",
        "qty": "0.00020300",
        "quoteQty": "10.01031367",
        "time": 1629628878199,
        "isBuyerMaker": false,
        "isBestMatch": true
    },
    {
        "id": 224339699,
        "price": "49311.88000000",
        "qty": "0.00021200",
        "quoteQty": "10.45411856",
        "time": 1629628878514,
        "isBuyerMaker": true,
        "isBestMatch": true
    },
    {
        "id": 224339700,
        "price": "49311.88000000",
        "qty": "0.00022200",
        "quoteQty": "10.94723736",
        "time": 1629628878572,
        "isBuyerMaker": true,
        "isBestMatch": true
    },
    {
        "id": 224339701,
        "price": "49311.89000000",
        "qty": "0.00020300",
        "quoteQty": "10.01031367",
        "time": 1629628878581,
        "isBuyerMaker": false,
        "isBestMatch": true
    },
    {
        "id": 224339702,
        "price": "49311.88000000",
        "qty": "0.00021300",
        "quoteQty": "10.50343044",
        "time": 1629628878790,
        "isBuyerMaker": true,
        "isBestMatch": true
    },
    {
        "id": 224339703,
        "price": "49311.89000000",
        "qty": "0.00020300",
        "quoteQty": "10.01031367",
        "time": 1629628878816,
        "isBuyerMaker": false,
        "isBestMatch": true
    },
    {
        "id": 224339704,
        "price": "49311.89000000",
        "qty": "0.00020300",
        "quoteQty": "10.01031367",
        "time": 1629628878946,
        "isBuyerMaker": false,
        "isBestMatch": true
    },
    {
        "id": 224339705,
        "price": "49311.89000000",
        "qty": "0.00020300",
        "quoteQty": "10.01031367",
        "time": 1629628878995,
        "isBuyerMaker": false,
        "isBestMatch": true
    },
    {
        "id": 224339706,
        "price": "49311.89000000",
        "qty": "0.00020300",
        "quoteQty": "10.01031367",
        "time": 1629628879050,
        "isBuyerMaker": false,
        "isBestMatch": true
    },
    {
        "id": 224339707,
        "price": "49311.88000000",
        "qty": "0.00044700",
        "quoteQty": "22.04241036",
        "time": 1629628879137,
        "isBuyerMaker": true,
        "isBestMatch": true
    },
    {
        "id": 224339708,
        "price": "49311.89000000",
        "qty": "0.01399700",
        "quoteQty": "690.21852433",
        "time": 1629628879468,
        "isBuyerMaker": false,
        "isBestMatch": true
    },
    {
        "id": 224339709,
        "price": "49311.89000000",
        "qty": "0.00794700",
        "quoteQty": "391.88158983",
        "time": 1629628879593,
        "isBuyerMaker": false,
        "isBestMatch": true
    },
    {
        "id": 224339710,
        "price": "49311.89000000",
        "qty": "0.00020300",
        "quoteQty": "10.01031367",
        "time": 1629628879627,
        "isBuyerMaker": false,
        "isBestMatch": true
    },
    {
        "id": 224339711,
        "price": "49311.89000000",
        "qty": "0.00020300",
        "quoteQty": "10.01031367",
        "time": 1629628879712,
        "isBuyerMaker": false,
        "isBestMatch": true
    },
    {
        "id": 224339712,
        "price": "49311.88000000",
        "qty": "0.00022100",
        "quoteQty": "10.89792548",
        "time": 1629628879737,
        "isBuyerMaker": true,
        "isBestMatch": true
    },
    {
        "id": 224339713,
        "price": "49311.89000000",
        "qty": "0.00020300",
        "quoteQty": "10.01031367",
        "time": 1629628879758,
        "isBuyerMaker": false,
        "isBestMatch": true
    },
    {
        "id": 224339714,
        "price": "49311.89000000",
        "qty": "0.00020300",
        "quoteQty": "10.01031367",
        "time": 1629628879781,
        "isBuyerMaker": false,
        "isBestMatch": true
    },
    {
        "id": 224339715,
        "price": "49311.88000000",
        "qty": "0.00021100",
        "quoteQty": "10.40480668",
        "time": 1629628879786,
        "isBuyerMaker": true,
        "isBestMatch": true
    },
    {
        "id": 224339716,
        "price": "49311.88000000",
        "qty": "0.00159500",
        "quoteQty": "78.65244860",
        "time": 1629628880109,
        "isBuyerMaker": true,
        "isBestMatch": true
    },
    {
        "id": 224339717,
        "price": "49311.88000000",
        "qty": "0.00202300",
        "quoteQty": "99.75793324",
        "time": 1629628880109,
        "isBuyerMaker": true,
        "isBestMatch": true
    },
    {
        "id": 224339718,
        "price": "49311.88000000",
        "qty": "0.00000500",
        "quoteQty": "0.24655940",
        "time": 1629628880114,
        "isBuyerMaker": true,
        "isBestMatch": true
    },
    {
        "id": 224339719,
        "price": "49310.02000000",
        "qty": "0.05976500",
        "quoteQty": "2947.01334530",
        "time": 1629628880114,
        "isBuyerMaker": true,
        "isBestMatch": true
    },
    {
        "id": 224339720,
        "price": "49308.91000000",
        "qty": "0.00608300",
        "quoteQty": "299.94609953",
        "time": 1629628880162,
        "isBuyerMaker": true,
        "isBestMatch": true
    },
    {
        "id": 224339721,
        "price": "49308.91000000",
        "qty": "0.00000100",
        "quoteQty": "0.04930891",
        "time": 1629628880211,
        "isBuyerMaker": true,
        "isBestMatch": true
    },
    {
        "id": 224339722,
        "price": "49308.91000000",
        "qty": "0.00099800",
        "quoteQty": "49.21029218",
        "time": 1629628880211,
        "isBuyerMaker": true,
        "isBestMatch": true
    },
    {
        "id": 224339723,
        "price": "49308.92000000",
        "qty": "0.00020300",
        "quoteQty": "10.00971076",
        "time": 1629628880806,
        "isBuyerMaker": false,
        "isBestMatch": true
    },
    {
        "id": 224339724,
        "price": "49308.91000000",
        "qty": "0.00000100",
        "quoteQty": "0.04930891",
        "time": 1629628880814,
        "isBuyerMaker": true,
        "isBestMatch": true
    },
    {
        "id": 224339725,
        "price": "49308.91000000",
        "qty": "0.00671700",
        "quoteQty": "331.20794847",
        "time": 1629628880814,
        "isBuyerMaker": true,
        "isBestMatch": true
    },
    {
        "id": 224339726,
        "price": "49308.93000000",
        "qty": "0.00202800",
        "quoteQty": "99.99851004",
        "time": 1629628881859,
        "isBuyerMaker": false,
        "isBestMatch": true
    },
    {
        "id": 224339727,
        "price": "49308.93000000",
        "qty": "0.03405100",
        "quoteQty": "1679.01837543",
        "time": 1629628881859,
        "isBuyerMaker": false,
        "isBestMatch": true
    },
    {
        "id": 224339728,
        "price": "49309.99000000",
        "qty": "0.07352800",
        "quoteQty": "3625.66494472",
        "time": 1629628882073,
        "isBuyerMaker": false,
        "isBestMatch": true
    },
    {
        "id": 224339729,
        "price": "49311.65000000",
        "qty": "0.06582100",
        "quoteQty": "3245.74211465",
        "time": 1629628882073,
        "isBuyerMaker": false,
        "isBestMatch": true
    },
    {
        "id": 224339730,
        "price": "49311.89000000",
        "qty": "0.00202800",
        "quoteQty": "100.00451292",
        "time": 1629628882073,
        "isBuyerMaker": false,
        "isBestMatch": true
    },
    {
        "id": 224339731,
        "price": "49311.89000000",
        "qty": "0.11568900",
        "quoteQty": "5704.84324221",
        "time": 1629628882073,
        "isBuyerMaker": false,
        "isBestMatch": true
    },
    {
        "id": 224339732,
        "price": "49314.26000000",
        "qty": "0.00202700",
        "quoteQty": "99.96000502",
        "time": 1629628882073,
        "isBuyerMaker": false,
        "isBestMatch": true
    },
    {
        "id": 224339733,
        "price": "49314.26000000",
        "qty": "0.04053700",
        "quoteQty": "1999.05215762",
        "time": 1629628882073,
        "isBuyerMaker": false,
        "isBestMatch": true
    },
    {
        "id": 224339734,
        "price": "49314.26000000",
        "qty": "0.00002300",
        "quoteQty": "1.13422798",
        "time": 1629628882081,
        "isBuyerMaker": false,
        "isBestMatch": true
    },
    {
        "id": 224339735,
        "price": "49318.03000000",
        "qty": "0.09708200",
        "quoteQty": "4787.89298846",
        "time": 1629628882081,
        "isBuyerMaker": false,
        "isBestMatch": true
    },
    {
        "id": 224339736,
        "price": "49318.45000000",
        "qty": "0.07895300",
        "quoteQty": "3893.83958285",
        "time": 1629628882081,
        "isBuyerMaker": false,
        "isBestMatch": true
    },
    {
        "id": 224339737,
        "price": "49318.46000000",
        "qty": "0.05000000",
        "quoteQty": "2465.92300000",
        "time": 1629628882081,
        "isBuyerMaker": false,
        "isBestMatch": true
    },
    {
        "id": 224339738,
        "price": "49319.52000000",
        "qty": "0.00874800",
        "quoteQty": "431.44716096",
        "time": 1629628882081,
        "isBuyerMaker": false,
        "isBestMatch": true
    },
    {
        "id": 224339739,
        "price": "49320.00000000",
        "qty": "0.33790300",
        "quoteQty": "16665.37596000",
        "time": 1629628882081,
        "isBuyerMaker": false,
        "isBestMatch": true
    },
    {
        "id": 224339740,
        "price": "49320.00000000",
        "qty": "0.03623400",
        "quoteQty": "1787.06088000",
        "time": 1629628882081,
        "isBuyerMaker": false,
        "isBestMatch": true
    },
    {
        "id": 224339741,
        "price": "49322.16000000",
        "qty": "0.17834400",
        "quoteQty": "8796.31130304",
        "time": 1629628882081,
        "isBuyerMaker": false,
        "isBestMatch": true
    },
    {
        "id": 224339742,
        "price": "49322.16000000",
        "qty": "0.04100000",
        "quoteQty": "2022.20856000",
        "time": 1629628882081,
        "isBuyerMaker": false,
        "isBestMatch": true
    },
    {
        "id": 224339743,
        "price": "49325.00000000",
        "qty": "0.00405700",
        "quoteQty": "200.11152500",
        "time": 1629628882092,
        "isBuyerMaker": false,
        "isBestMatch": true
    },
    {
        "id": 224339744,
        "price": "49325.00000000",
        "qty": "0.03494300",
        "quoteQty": "1723.56347500",
        "time": 1629628882092,
        "isBuyerMaker": false,
        "isBestMatch": true
    },
    {
        "id": 224339745,
        "price": "49325.00000000",
        "qty": "0.00021800",
        "quoteQty": "10.75285000",
        "time": 1629628882092,
        "isBuyerMaker": false,
        "isBestMatch": true
    },
    {
        "id": 224339746,
        "price": "49323.86000000",
        "qty": "0.02000000",
        "quoteQty": "986.47720000",
        "time": 1629628882100,
        "isBuyerMaker": false,
        "isBestMatch": true
    },
    {
        "id": 224339747,
        "price": "49320.49000000",
        "qty": "0.00020500",
        "quoteQty": "10.11070045",
        "time": 1629628882118,
        "isBuyerMaker": true,
        "isBestMatch": true
    },
    {
        "id": 224339748,
        "price": "49323.96000000",
        "qty": "0.00121600",
        "quoteQty": "59.97793536",
        "time": 1629628882145,
        "isBuyerMaker": false,
        "isBestMatch": true
    },
    {
        "id": 224339749,
        "price": "49323.95000000",
        "qty": "0.01068900",
        "quoteQty": "527.22370155",
        "time": 1629628882197,
        "isBuyerMaker": true,
        "isBestMatch": true
    },
    {
        "id": 224339750,
        "price": "49323.95000000",
        "qty": "0.00022200",
        "quoteQty": "10.94991690",
        "time": 1629628882237,
        "isBuyerMaker": true,
        "isBestMatch": true
    },
    {
        "id": 224339751,
        "price": "49323.95000000",
        "qty": "0.04450700",
        "quoteQty": "2195.26104265",
        "time": 1629628884001,
        "isBuyerMaker": true,
        "isBestMatch": true
    },
    {
        "id": 224339752,
        "price": "49323.95000000",
        "qty": "0.00022300",
        "quoteQty": "10.99924085",
        "time": 1629628885865,
        "isBuyerMaker": true,
        "isBestMatch": true
    },
    {
        "id": 224339753,
        "price": "49323.95000000",
        "qty": "0.00713300",
        "quoteQty": "351.82773535",
        "time": 1629628886111,
        "isBuyerMaker": true,
        "isBestMatch": true
    },
    {
        "id": 224339754,
        "price": "49323.96000000",
        "qty": "0.00599800",
        "quoteQty": "295.84511208",
        "time": 1629628886452,
        "isBuyerMaker": false,
        "isBestMatch": true
    },
    {
        "id": 224339755,
        "price": "49323.96000000",
        "qty": "0.01400200",
        "quoteQty": "690.63408792",
        "time": 1629628886452,
        "isBuyerMaker": false,
        "isBestMatch": true
    },
    {
        "id": 224339756,
        "price": "49323.96000000",
        "qty": "0.00726800",
        "quoteQty": "358.48654128",
        "time": 1629628886556,
        "isBuyerMaker": false,
        "isBestMatch": true
    },
    {
        "id": 224339757,
        "price": "49323.96000000",
        "qty": "0.04147200",
        "quoteQty": "2045.56326912",
        "time": 1629628886556,
        "isBuyerMaker": false,
        "isBestMatch": true
    },
    {
        "id": 224339758,
        "price": "49323.96000000",
        "qty": "0.00202700",
        "quoteQty": "99.97966692",
        "time": 1629628886556,
        "isBuyerMaker": false,
        "isBestMatch": true
    },
    {
        "id": 224339759,
        "price": "49326.39000000",
        "qty": "0.03900000",
        "quoteQty": "1923.72921000",
        "time": 1629628886588,
        "isBuyerMaker": false,
        "isBestMatch": true
    },
    {
        "id": 224339760,
        "price": "49326.39000000",
        "qty": "0.04000000",
        "quoteQty": "1973.05560000",
        "time": 1629628886709,
        "isBuyerMaker": false,
        "isBestMatch": true
    },
    {
        "id": 224339761,
        "price": "49327.02000000",
        "qty": "0.00050000",
        "quoteQty": "24.66351000",
        "time": 1629628886897,
        "isBuyerMaker": false,
        "isBestMatch": true
    },
    {
        "id": 224339762,
        "price": "49333.89000000",
        "qty": "0.00430000",
        "quoteQty": "212.13572700",
        "time": 1629628887007,
        "isBuyerMaker": true,
        "isBestMatch": true
    },
    {
        "id": 224339763,
        "price": "49333.89000000",
        "qty": "0.03255500",
        "quoteQty": "1606.06478895",
        "time": 1629628887059,
        "isBuyerMaker": true,
        "isBestMatch": true
    },
    {
        "id": 224339764,
        "price": "49333.90000000",
        "qty": "0.00419400",
        "quoteQty": "206.90637660",
        "time": 1629628887106,
        "isBuyerMaker": true,
        "isBestMatch": true
    },
    {
        "id": 224339765,
        "price": "49333.90000000",
        "qty": "0.00066100",
        "quoteQty": "32.60970790",
        "time": 1629628887263,
        "isBuyerMaker": true,
        "isBestMatch": true
    },
    {
        "id": 224339766,
        "price": "49333.90000000",
        "qty": "0.01740200",
        "quoteQty": "858.50852780",
        "time": 1629628887310,
        "isBuyerMaker": true,
        "isBestMatch": true
    },
    {
        "id": 224339767,
        "price": "49333.90000000",
        "qty": "0.00044000",
        "quoteQty": "21.70691600",
        "time": 1629628887378,
        "isBuyerMaker": true,
        "isBestMatch": true
    },
    {
        "id": 224339768,
        "price": "49333.90000000",
        "qty": "0.02029500",
        "quoteQty": "1001.23150050",
        "time": 1629628887505,
        "isBuyerMaker": true,
        "isBestMatch": true
    },
    {
        "id": 224339769,
        "price": "49333.90000000",
        "qty": "0.00184300",
        "quoteQty": "90.92237770",
        "time": 1629628887553,
        "isBuyerMaker": true,
        "isBestMatch": true
    },
    {
        "id": 224339770,
        "price": "49333.90000000",
        "qty": "0.00021000",
        "quoteQty": "10.36011900",
        "time": 1629628887680,
        "isBuyerMaker": true,
        "isBestMatch": true
    },
    {
        "id": 224339771,
        "price": "49333.91000000",
        "qty": "0.01186600",
        "quoteQty": "585.39617606",
        "time": 1629628887881,
        "isBuyerMaker": false,
        "isBestMatch": true
    },
    {
        "id": 224339772,
        "price": "49333.90000000",
        "qty": "0.26797500",
        "quoteQty": "13220.25185250",
        "time": 1629628888205,
        "isBuyerMaker": true,
        "isBestMatch": true
    },
    {
        "id": 224339773,
        "price": "49333.90000000",
        "qty": "0.19510000",
        "quoteQty": "9625.04389000",
        "time": 1629628888205,
        "isBuyerMaker": true,
        "isBestMatch": true
    },
    {
        "id": 224339774,
        "price": "49333.90000000",
        "qty": "0.00036300",
        "quoteQty": "17.90820570",
        "time": 1629628888205,
        "isBuyerMaker": true,
        "isBestMatch": true
    },
    {
        "id": 224339775,
        "price": "49333.90000000",
        "qty": "0.00202700",
        "quoteQty": "99.99981530",
        "time": 1629628888697,
        "isBuyerMaker": true,
        "isBestMatch": true
    },
    {
        "id": 224339776,
        "price": "49333.90000000",
        "qty": "0.01021400",
        "quoteQty": "503.89645460",
        "time": 1629628888697,
        "isBuyerMaker": true,
        "isBestMatch": true
    },
    {
        "id": 224339777,
        "price": "49333.90000000",
        "qty": "0.01164800",
        "quoteQty": "574.64126720",
        "time": 1629628889352,
        "isBuyerMaker": true,
        "isBestMatch": true
    },
    {
        "id": 224339778,
        "price": "49333.90000000",
        "qty": "0.01000000",
        "quoteQty": "493.33900000",
        "time": 1629628891477,
        "isBuyerMaker": true,
        "isBestMatch": true
    },
    {
        "id": 224339779,
        "price": "49333.91000000",
        "qty": "0.00400000",
        "quoteQty": "197.33564000",
        "time": 1629628891631,
        "isBuyerMaker": false,
        "isBestMatch": true
    },
    {
        "id": 224339780,
        "price": "49333.91000000",
        "qty": "0.00202700",
        "quoteQty": "99.99983557",
        "time": 1629628891631,
        "isBuyerMaker": false,
        "isBestMatch": true
    },
    {
        "id": 224339781,
        "price": "49333.91000000",
        "qty": "0.00027900",
        "quoteQty": "13.76416089",
        "time": 1629628891631,
        "isBuyerMaker": false,
        "isBestMatch": true
    },
    {
        "id": 224339782,
        "price": "49333.91000000",
        "qty": "0.00202700",
        "quoteQty": "99.99983557",
        "time": 1629628891631,
        "isBuyerMaker": false,
        "isBestMatch": true
    },
    {
        "id": 224339783,
        "price": "49333.91000000",
        "qty": "0.02166700",
        "quoteQty": "1068.91782797",
        "time": 1629628891631,
        "isBuyerMaker": false,
        "isBestMatch": true
    },
    {
        "id": 224339784,
        "price": "49333.90000000",
        "qty": "0.03137700",
        "quoteQty": "1547.94978030",
        "time": 1629628891701,
        "isBuyerMaker": true,
        "isBestMatch": true
    },
    {
        "id": 224339785,
        "price": "49333.90000000",
        "qty": "0.00021500",
        "quoteQty": "10.60678850",
        "time": 1629628893395,
        "isBuyerMaker": true,
        "isBestMatch": true
    },
    {
        "id": 224339786,
        "price": "49333.90000000",
        "qty": "0.00056200",
        "quoteQty": "27.72565180",
        "time": 1629628893564,
        "isBuyerMaker": true,
        "isBestMatch": true
    },
    {
        "id": 224339787,
        "price": "49333.90000000",
        "qty": "0.00125000",
        "quoteQty": "61.66737500",
        "time": 1629628894663,
        "isBuyerMaker": true,
        "isBestMatch": true
    },
    {
        "id": 224339788,
        "price": "49333.90000000",
        "qty": "0.00202700",
        "quoteQty": "99.99981530",
        "time": 1629628894663,
        "isBuyerMaker": true,
        "isBestMatch": true
    },
    {
        "id": 224339789,
        "price": "49333.90000000",
        "qty": "0.00027900",
        "quoteQty": "13.76415810",
        "time": 1629628894663,
        "isBuyerMaker": true,
        "isBestMatch": true
    },
    {
        "id": 224339790,
        "price": "49333.90000000",
        "qty": "0.00202700",
        "quoteQty": "99.99981530",
        "time": 1629628894663,
        "isBuyerMaker": true,
        "isBestMatch": true
    },
    {
        "id": 224339791,
        "price": "49333.90000000",
        "qty": "0.00202700",
        "quoteQty": "99.99981530",
        "time": 1629628894663,
        "isBuyerMaker": true,
        "isBestMatch": true
    },
    {
        "id": 224339792,
        "price": "49333.90000000",
        "qty": "0.00202700",
        "quoteQty": "99.99981530",
        "time": 1629628894663,
        "isBuyerMaker": true,
        "isBestMatch": true
    },
    {
        "id": 224339793,
        "price": "49333.90000000",
        "qty": "0.00202700",
        "quoteQty": "99.99981530",
        "time": 1629628894663,
        "isBuyerMaker": true,
        "isBestMatch": true
    },
    {
        "id": 224339794,
        "price": "49331.44000000",
        "qty": "0.04457800",
        "quoteQty": "2199.09693232",
        "time": 1629628894663,
        "isBuyerMaker": true,
        "isBestMatch": true
    },
    {
        "id": 224339795,
        "price": "49331.44000000",
        "qty": "0.01538300",
        "quoteQty": "758.86554152",
        "time": 1629628894663,
        "isBuyerMaker": true,
        "isBestMatch": true
    },
    {
        "id": 224339796,
        "price": "49331.43000000",
        "qty": "0.04000500",
        "quoteQty": "1973.50385715",
        "time": 1629628894663,
        "isBuyerMaker": true,
        "isBestMatch": true
    },
    {
        "id": 224339797,
        "price": "49326.41000000",
        "qty": "0.00027900",
        "quoteQty": "13.76206839",
        "time": 1629628896201,
        "isBuyerMaker": false,
        "isBestMatch": true
    },
    {
        "id": 224339798,
        "price": "49326.41000000",
        "qty": "0.00048000",
        "quoteQty": "23.67667680",
        "time": 1629628896201,
        "isBuyerMaker": false,
        "isBestMatch": true
    },
    {
        "id": 224339799,
        "price": "49326.40000000",
        "qty": "0.01188300",
        "quoteQty": "586.14561120",
        "time": 1629628897549,
        "isBuyerMaker": true,
        "isBestMatch": true
    },
    {
        "id": 224339800,
        "price": "49326.41000000",
        "qty": "0.00154700",
        "quoteQty": "76.30795627",
        "time": 1629628897842,
        "isBuyerMaker": false,
        "isBestMatch": true
    },
    {
        "id": 224339801,
        "price": "49326.41000000",
        "qty": "0.00202700",
        "quoteQty": "99.98463307",
        "time": 1629628897842,
        "isBuyerMaker": false,
        "isBestMatch": true
    },
    {
        "id": 224339802,
        "price": "49326.41000000",
        "qty": "0.00202700",
        "quoteQty": "99.98463307",
        "time": 1629628897842,
        "isBuyerMaker": false,
        "isBestMatch": true
    },
    {
        "id": 224339803,
        "price": "49326.41000000",
        "qty": "0.10836500",
        "quoteQty": "5345.25641965",
        "time": 1629628897842,
        "isBuyerMaker": false,
        "isBestMatch": true
    },
    {
        "id": 224339804,
        "price": "49326.40000000",
        "qty": "0.00246100",
        "quoteQty": "121.39227040",
        "time": 1629628898717,
        "isBuyerMaker": true,
        "isBestMatch": true
    },
    {
        "id": 224339805,
        "price": "49326.41000000",
        "qty": "0.00101300",
        "quoteQty": "49.96765333",
        "time": 1629628899323,
        "isBuyerMaker": false,
        "isBestMatch": true
    },
    {
        "id": 224339806,
        "price": "49326.41000000",
        "qty": "0.00202700",
        "quoteQty": "99.98463307",
        "time": 1629628899931,
        "isBuyerMaker": false,
        "isBestMatch": true
    },
    {
        "id": 224339807,
        "price": "49328.05000000",
        "qty": "0.00027400",
        "quoteQty": "13.51588570",
        "time": 1629628899931,
        "isBuyerMaker": false,
        "isBestMatch": true
    },
    {
        "id": 224339808,
        "price": "49328.04000000",
        "qty": "0.00202700",
        "quoteQty": "99.98793708",
        "time": 1629628902127,
        "isBuyerMaker": true,
        "isBestMatch": true
    },
    {
        "id": 224339809,
        "price": "49328.04000000",
        "qty": "0.02770000",
        "quoteQty": "1366.38670800",
        "time": 1629628902127,
        "isBuyerMaker": true,
        "isBestMatch": true
    },
    {
        "id": 224339810,
        "price": "49328.04000000",
        "qty": "0.00219900",
        "quoteQty": "108.47235996",
        "time": 1629628902127,
        "isBuyerMaker": true,
        "isBestMatch": true
    },
    {
        "id": 224339811,
        "price": "49328.04000000",
        "qty": "0.00202700",
        "quoteQty": "99.98793708",
        "time": 1629628902127,
        "isBuyerMaker": true,
        "isBestMatch": true
    },
    {
        "id": 224339812,
        "price": "49328.04000000",
        "qty": "0.00027900",
        "quoteQty": "13.76252316",
        "time": 1629628902127,
        "isBuyerMaker": true,
        "isBestMatch": true
    },
    {
        "id": 224339813,
        "price": "49328.04000000",
        "qty": "0.00202700",
        "quoteQty": "99.98793708",
        "time": 1629628902127,
        "isBuyerMaker": true,
        "isBestMatch": true
    },
    {
        "id": 224339814,
        "price": "49328.02000000",
        "qty": "0.01150400",
        "quoteQty": "567.46954208",
        "time": 1629628902127,
        "isBuyerMaker": true,
        "isBestMatch": true
    },
    {
        "id": 224339815,
        "price": "49326.69000000",
        "qty": "0.01317200",
        "quoteQty": "649.73116068",
        "time": 1629628902127,
        "isBuyerMaker": true,
        "isBestMatch": true
    },
    {
        "id": 224339816,
        "price": "49326.70000000",
        "qty": "0.00027900",
        "quoteQty": "13.76214930",
        "time": 1629628908638,
        "isBuyerMaker": false,
        "isBestMatch": true
    },
    {
        "id": 224339817,
        "price": "49326.70000000",
        "qty": "0.00248200",
        "quoteQty": "122.42886940",
        "time": 1629628908638,
        "isBuyerMaker": false,
        "isBestMatch": true
    },
    {
        "id": 224339818,
        "price": "49326.70000000",
        "qty": "0.00026400",
        "quoteQty": "13.02224880",
        "time": 1629628909227,
        "isBuyerMaker": false,
        "isBestMatch": true
    },
    {
        "id": 224339819,
        "price": "49326.69000000",
        "qty": "0.00060000",
        "quoteQty": "29.59601400",
        "time": 1629628912107,
        "isBuyerMaker": true,
        "isBestMatch": true
    },
    {
        "id": 224339820,
        "price": "49326.69000000",
        "qty": "0.00202700",
        "quoteQty": "99.98520063",
        "time": 1629628912107,
        "isBuyerMaker": true,
        "isBestMatch": true
    },
    {
        "id": 224339821,
        "price": "49326.69000000",
        "qty": "0.06388100",
        "quoteQty": "3151.03828389",
        "time": 1629628912107,
        "isBuyerMaker": true,
        "isBestMatch": true
    },
    {
        "id": 224339822,
        "price": "49326.69000000",
        "qty": "0.00076500",
        "quoteQty": "37.73491785",
        "time": 1629628912107,
        "isBuyerMaker": true,
        "isBestMatch": true
    },
    {
        "id": 224339823,
        "price": "49326.69000000",
        "qty": "0.00027900",
        "quoteQty": "13.76214651",
        "time": 1629628912107,
        "isBuyerMaker": true,
        "isBestMatch": true
    },
    {
        "id": 224339824,
        "price": "49326.69000000",
        "qty": "0.01633400",
        "quoteQty": "805.70215446",
        "time": 1629628912107,
        "isBuyerMaker": true,
        "isBestMatch": true
    },
    {
        "id": 224339825,
        "price": "49326.69000000",
        "qty": "0.00099000",
        "quoteQty": "48.83342310",
        "time": 1629628912107,
        "isBuyerMaker": true,
        "isBestMatch": true
    },
    {
        "id": 224339826,
        "price": "49326.69000000",
        "qty": "0.00002700",
        "quoteQty": "1.33182063",
        "time": 1629628912114,
        "isBuyerMaker": true,
        "isBestMatch": true
    },
    {
        "id": 224339827,
        "price": "49326.40000000",
        "qty": "0.04063000",
        "quoteQty": "2004.13163200",
        "time": 1629628912114,
        "isBuyerMaker": true,
        "isBestMatch": true
    },
    {
        "id": 224339828,
        "price": "49326.40000000",
        "qty": "0.04498500",
        "quoteQty": "2218.94810400",
        "time": 1629628912174,
        "isBuyerMaker": true,
        "isBestMatch": true
    },
    {
        "id": 224339829,
        "price": "49326.40000000",
        "qty": "0.00004100",
        "quoteQty": "2.02238240",
        "time": 1629628912199,
        "isBuyerMaker": true,
        "isBestMatch": true
    },
    {
        "id": 224339830,
        "price": "49323.61000000",
        "qty": "0.02155800",
        "quoteQty": "1063.31838438",
        "time": 1629628912611,
        "isBuyerMaker": true,
        "isBestMatch": true
    },
    {
        "id": 224339831,
        "price": "49323.62000000",
        "qty": "0.01693400",
        "quoteQty": "835.24618108",
        "time": 1629628912790,
        "isBuyerMaker": false,
        "isBestMatch": true
    },
    {
        "id": 224339832,
        "price": "49323.62000000",
        "qty": "0.00482900",
        "quoteQty": "238.18376098",
        "time": 1629628913717,
        "isBuyerMaker": false,
        "isBestMatch": true
    },
    {
        "id": 224339833,
        "price": "49323.62000000",
        "qty": "0.00207900",
        "quoteQty": "102.54380598",
        "time": 1629628913951,
        "isBuyerMaker": false,
        "isBestMatch": true
    },
    {
        "id": 224339834,
        "price": "49323.61000000",
        "qty": "0.00120000",
        "quoteQty": "59.18833200",
        "time": 1629628914934,
        "isBuyerMaker": true,
        "isBestMatch": true
    },
    {
        "id": 224339835,
        "price": "49323.61000000",
        "qty": "0.00330800",
        "quoteQty": "163.16250188",
        "time": 1629628914934,
        "isBuyerMaker": true,
        "isBestMatch": true
    },
    {
        "id": 224339836,
        "price": "49323.61000000",
        "qty": "0.00202700",
        "quoteQty": "99.97895747",
        "time": 1629628915069,
        "isBuyerMaker": true,
        "isBestMatch": true
    },
    {
        "id": 224339837,
        "price": "49323.61000000",
        "qty": "0.00230100",
        "quoteQty": "113.49362661",
        "time": 1629628915069,
        "isBuyerMaker": true,
        "isBestMatch": true
    },
    {
        "id": 224339838,
        "price": "49323.59000000",
        "qty": "0.01157600",
        "quoteQty": "570.96987784",
        "time": 1629628915069,
        "isBuyerMaker": true,
        "isBestMatch": true
    },
    {
        "id": 224339839,
        "price": "49323.57000000",
        "qty": "0.00460000",
        "quoteQty": "226.88842200",
        "time": 1629628915082,
        "isBuyerMaker": true,
        "isBestMatch": true
    },
    {
        "id": 224339840,
        "price": "49322.27000000",
        "qty": "0.00608200",
        "quoteQty": "299.97804614",
        "time": 1629628915082,
        "isBuyerMaker": true,
        "isBestMatch": true
    },
    {
        "id": 224339841,
        "price": "49319.69000000",
        "qty": "0.01435700",
        "quoteQty": "708.08278933",
        "time": 1629628915082,
        "isBuyerMaker": true,
        "isBestMatch": true
    },
    {
        "id": 224339842,
        "price": "49319.69000000",
        "qty": "0.02986800",
        "quoteQty": "1473.08050092",
        "time": 1629628915082,
        "isBuyerMaker": true,
        "isBestMatch": true
    },
    {
        "id": 224339843,
        "price": "49317.85000000",
        "qty": "0.10133300",
        "quoteQty": "4997.52569405",
        "time": 1629628915154,
        "isBuyerMaker": true,
        "isBestMatch": true
    },
    {
        "id": 224339844,
        "price": "49314.32000000",
        "qty": "0.00046800",
        "quoteQty": "23.07910176",
        "time": 1629628915320,
        "isBuyerMaker": false,
        "isBestMatch": true
    },
    {
        "id": 224339845,
        "price": "49314.31000000",
        "qty": "0.00766900",
        "quoteQty": "378.19144339",
        "time": 1629628915548,
        "isBuyerMaker": false,
        "isBestMatch": true
    },
    {
        "id": 224339846,
        "price": "49314.31000000",
        "qty": "0.00766900",
        "quoteQty": "378.19144339",
        "time": 1629628915549,
        "isBuyerMaker": false,
        "isBestMatch": true
    },
    {
        "id": 224339847,
        "price": "49314.31000000",
        "qty": "0.00767000",
        "quoteQty": "378.24075770",
        "time": 1629628915553,
        "isBuyerMaker": false,
        "isBestMatch": true
    },
    {
        "id": 224339848,
        "price": "49314.30000000",
        "qty": "0.00380000",
        "quoteQty": "187.39434000",
        "time": 1629628918510,
        "isBuyerMaker": true,
        "isBestMatch": true
    },
    {
        "id": 224339849,
        "price": "49314.30000000",
        "qty": "0.00037800",
        "quoteQty": "18.64080540",
        "time": 1629628918510,
        "isBuyerMaker": true,
        "isBestMatch": true
    },
    {
        "id": 224339850,
        "price": "49314.30000000",
        "qty": "0.00165000",
        "quoteQty": "81.36859500",
        "time": 1629628919305,
        "isBuyerMaker": true,
        "isBestMatch": true
    },
    {
        "id": 224339851,
        "price": "49314.30000000",
        "qty": "0.01840400",
        "quoteQty": "907.58037720",
        "time": 1629628919305,
        "isBuyerMaker": true,
        "isBestMatch": true
    },
    {
        "id": 224339852,
        "price": "49314.31000000",
        "qty": "0.00940100",
        "quoteQty": "463.60382831",
        "time": 1629628919788,
        "isBuyerMaker": false,
        "isBestMatch": true
    },
    {
        "id": 224339853,
        "price": "49314.30000000",
        "qty": "0.00159600",
        "quoteQty": "78.70562280",
        "time": 1629628920160,
        "isBuyerMaker": true,
        "isBestMatch": true
    },
    {
        "id": 224339854,
        "price": "49314.30000000",
        "qty": "0.04000000",
        "quoteQty": "1972.57200000",
        "time": 1629628920160,
        "isBuyerMaker": true,
        "isBestMatch": true
    },
    {
        "id": 224339855,
        "price": "49314.30000000",
        "qty": "0.00202800",
        "quoteQty": "100.00940040",
        "time": 1629628920160,
        "isBuyerMaker": true,
        "isBestMatch": true
    },
    {
        "id": 224339856,
        "price": "49314.30000000",
        "qty": "0.00202700",
        "quoteQty": "99.96008610",
        "time": 1629628920160,
        "isBuyerMaker": true,
        "isBestMatch": true
    },
    {
        "id": 224339857,
        "price": "49314.30000000",
        "qty": "0.00202800",
        "quoteQty": "100.00940040",
        "time": 1629628920160,
        "isBuyerMaker": true,
        "isBestMatch": true
    },
    {
        "id": 224339858,
        "price": "49314.30000000",
        "qty": "0.00070400",
        "quoteQty": "34.71726720",
        "time": 1629628920160,
        "isBuyerMaker": true,
        "isBestMatch": true
    },
    {
        "id": 224339859,
        "price": "49314.31000000",
        "qty": "0.02709700",
        "quoteQty": "1336.26985807",
        "time": 1629628920264,
        "isBuyerMaker": false,
        "isBestMatch": true
    },
    {
        "id": 224339860,
        "price": "49314.31000000",
        "qty": "0.00027900",
        "quoteQty": "13.75869249",
        "time": 1629628920264,
        "isBuyerMaker": false,
        "isBestMatch": true
    },
    {
        "id": 224339861,
        "price": "49314.31000000",
        "qty": "0.05246300",
        "quoteQty": "2587.17664553",
        "time": 1629628920264,
        "isBuyerMaker": false,
        "isBestMatch": true
    },
    {
        "id": 224339862,
        "price": "49314.31000000",
        "qty": "0.00202800",
        "quoteQty": "100.00942068",
        "time": 1629628920264,
        "isBuyerMaker": false,
        "isBestMatch": true
    },
    {
        "id": 224339863,
        "price": "49314.31000000",
        "qty": "0.02261100",
        "quoteQty": "1115.04586341",
        "time": 1629628920264,
        "isBuyerMaker": false,
        "isBestMatch": true
    },
    {
        "id": 224339864,
        "price": "49314.31000000",
        "qty": "0.00169700",
        "quoteQty": "83.68638407",
        "time": 1629628920264,
        "isBuyerMaker": false,
        "isBestMatch": true
    },
    {
        "id": 224339865,
        "price": "49319.80000000",
        "qty": "0.00202700",
        "quoteQty": "99.97123460",
        "time": 1629628920609,
        "isBuyerMaker": false,
        "isBestMatch": true
    },
    {
        "id": 224339866,
        "price": "49323.46000000",
        "qty": "0.03597300",
        "quoteQty": "1774.31282658",
        "time": 1629628920609,
        "isBuyerMaker": false,
        "isBestMatch": true
    },
    {
        "id": 224339867,
        "price": "49323.46000000",
        "qty": "0.02600000",
        "quoteQty": "1282.40996000",
        "time": 1629628920627,
        "isBuyerMaker": false,
        "isBestMatch": true
    },
    {
        "id": 224339868,
        "price": "49323.63000000",
        "qty": "0.00360000",
        "quoteQty": "177.56506800",
        "time": 1629628921793,
        "isBuyerMaker": false,
        "isBestMatch": true
    },
    {
        "id": 224339869,
        "price": "49323.63000000",
        "qty": "0.00202700",
        "quoteQty": "99.97899801",
        "time": 1629628921793,
        "isBuyerMaker": false,
        "isBestMatch": true
    },
    {
        "id": 224339870,
        "price": "49326.09000000",
        "qty": "0.00377400",
        "quoteQty": "186.15666366",
        "time": 1629628921793,
        "isBuyerMaker": false,
        "isBestMatch": true
    },
    {
        "id": 224339871,
        "price": "49323.62000000",
        "qty": "0.12406800",
        "quoteQty": "6119.48288616",
        "time": 1629628921867,
        "isBuyerMaker": true,
        "isBestMatch": true
    },
    {
        "id": 224339872,
        "price": "49323.63000000",
        "qty": "0.00885500",
        "quoteQty": "436.76074365",
        "time": 1629628922696,
        "isBuyerMaker": false,
        "isBestMatch": true
    },
    {
        "id": 224339873,
        "price": "49323.63000000",
        "qty": "0.00869700",
        "quoteQty": "428.96761011",
        "time": 1629628922788,
        "isBuyerMaker": false,
        "isBestMatch": true
    },
    {
        "id": 224339874,
        "price": "49323.62000000",
        "qty": "0.00202700",
        "quoteQty": "99.97897774",
        "time": 1629628923753,
        "isBuyerMaker": true,
        "isBestMatch": true
    },
    {
        "id": 224339875,
        "price": "49323.62000000",
        "qty": "0.00027900",
        "quoteQty": "13.76128998",
        "time": 1629628923753,
        "isBuyerMaker": true,
        "isBestMatch": true
    },
    {
        "id": 224339876,
        "price": "49323.62000000",
        "qty": "0.00202700",
        "quoteQty": "99.97897774",
        "time": 1629628923753,
        "isBuyerMaker": true,
        "isBestMatch": true
    },
    {
        "id": 224339877,
        "price": "49323.62000000",
        "qty": "0.00202700",
        "quoteQty": "99.97897774",
        "time": 1629628923753,
        "isBuyerMaker": true,
        "isBestMatch": true
    },
    {
        "id": 224339878,
        "price": "49318.36000000",
        "qty": "0.29147000",
        "quoteQty": "14374.82238920",
        "time": 1629628925060,
        "isBuyerMaker": false,
        "isBestMatch": true
    },
    {
        "id": 224339879,
        "price": "49318.36000000",
        "qty": "0.00027900",
        "quoteQty": "13.75982244",
        "time": 1629628925060,
        "isBuyerMaker": false,
        "isBestMatch": true
    },
    {
        "id": 224339880,
        "price": "49318.36000000",
        "qty": "0.00202700",
        "quoteQty": "99.96831572",
        "time": 1629628925060,
        "isBuyerMaker": false,
        "isBestMatch": true
    },
    {
        "id": 224339881,
        "price": "49318.36000000",
        "qty": "0.01606700",
        "quoteQty": "792.39809012",
        "time": 1629628925060,
        "isBuyerMaker": false,
        "isBestMatch": true
    },
    {
        "id": 224339882,
        "price": "49318.37000000",
        "qty": "0.00202800",
        "quoteQty": "100.01765436",
        "time": 1629628925060,
        "isBuyerMaker": false,
        "isBestMatch": true
    },
    {
        "id": 224339883,
        "price": "49318.37000000",
        "qty": "0.00202800",
        "quoteQty": "100.01765436",
        "time": 1629628925060,
        "isBuyerMaker": false,
        "isBestMatch": true
    },
    {
        "id": 224339884,
        "price": "49320.15000000",
        "qty": "0.06090500",
        "quoteQty": "3003.84373575",
        "time": 1629628925060,
        "isBuyerMaker": false,
        "isBestMatch": true
    },
    {
        "id": 224339885,
        "price": "49320.83000000",
        "qty": "0.11379600",
        "quoteQty": "5612.51317068",
        "time": 1629628925060,
        "isBuyerMaker": false,
        "isBestMatch": true
    },
    {
        "id": 224339886,
        "price": "49322.62000000",
        "qty": "0.07065500",
        "quoteQty": "3484.88971610",
        "time": 1629628925060,
        "isBuyerMaker": false,
        "isBestMatch": true
    },
    {
        "id": 224339887,
        "price": "49322.62000000",
        "qty": "0.00074800",
        "quoteQty": "36.89331976",
        "time": 1629628925060,
        "isBuyerMaker": false,
        "isBestMatch": true
    },
    {
        "id": 224339888,
        "price": "49322.61000000",
        "qty": "0.00583200",
        "quoteQty": "287.64946152",
        "time": 1629628925598,
        "isBuyerMaker": true,
        "isBestMatch": true
    },
    {
        "id": 224339889,
        "price": "49322.62000000",
        "qty": "0.01861100",
        "quoteQty": "917.94328082",
        "time": 1629628926174,
        "isBuyerMaker": false,
        "isBestMatch": true
    },
    {
        "id": 224339890,
        "price": "49322.62000000",
        "qty": "0.03130200",
        "quoteQty": "1543.89665124",
        "time": 1629628926335,
        "isBuyerMaker": false,
        "isBestMatch": true
    },
    {
        "id": 224339891,
        "price": "49320.51000000",
        "qty": "0.00027900",
        "quoteQty": "13.76042229",
        "time": 1629628928512,
        "isBuyerMaker": true,
        "isBestMatch": true
    },
    {
        "id": 224339892,
        "price": "49320.51000000",
        "qty": "0.00150000",
        "quoteQty": "73.98076500",
        "time": 1629628928512,
        "isBuyerMaker": true,
        "isBestMatch": true
    },
    {
        "id": 224339893,
        "price": "49320.51000000",
        "qty": "0.00097600",
        "quoteQty": "48.13681776",
        "time": 1629628928512,
        "isBuyerMaker": true,
        "isBestMatch": true
    },
    {
        "id": 224339894,
        "price": "49320.51000000",
        "qty": "0.00002400",
        "quoteQty": "1.18369224",
        "time": 1629628928805,
        "isBuyerMaker": true,
        "isBestMatch": true
    },
    {
        "id": 224339895,
        "price": "49320.51000000",
        "qty": "0.07060300",
        "quoteQty": "3482.17596753",
        "time": 1629628928805,
        "isBuyerMaker": true,
        "isBestMatch": true
    },
    {
        "id": 224339896,
        "price": "49320.52000000",
        "qty": "0.00250500",
        "quoteQty": "123.54790260",
        "time": 1629628928932,
        "isBuyerMaker": false,
        "isBestMatch": true
    },
    {
        "id": 224339897,
        "price": "49320.52000000",
        "qty": "0.02000000",
        "quoteQty": "986.41040000",
        "time": 1629628929201,
        "isBuyerMaker": false,
        "isBestMatch": true
    },
    {
        "id": 224339898,
        "price": "49318.70000000",
        "qty": "0.00150000",
        "quoteQty": "73.97805000",
        "time": 1629628931546,
        "isBuyerMaker": true,
        "isBestMatch": true
    },
    {
        "id": 224339899,
        "price": "49318.70000000",
        "qty": "0.00080000",
        "quoteQty": "39.45496000",
        "time": 1629628931546,
        "isBuyerMaker": true,
        "isBestMatch": true
    },
    {
        "id": 224339900,
        "price": "49318.70000000",
        "qty": "0.00179600",
        "quoteQty": "88.57638520",
        "time": 1629628931546,
        "isBuyerMaker": true,
        "isBestMatch": true
    },
    {
        "id": 224339901,
        "price": "49318.70000000",
        "qty": "0.00023200",
        "quoteQty": "11.44193840",
        "time": 1629628932112,
        "isBuyerMaker": true,
        "isBestMatch": true
    },
    {
        "id": 224339902,
        "price": "49318.70000000",
        "qty": "0.00056200",
        "quoteQty": "27.71710940",
        "time": 1629628932112,
        "isBuyerMaker": true,
        "isBestMatch": true
    },
    {
        "id": 224339903,
        "price": "49318.71000000",
        "qty": "0.00027900",
        "quoteQty": "13.75992009",
        "time": 1629628940137,
        "isBuyerMaker": false,
        "isBestMatch": true
    },
    {
        "id": 224339904,
        "price": "49318.71000000",
        "qty": "0.00202800",
        "quoteQty": "100.01834388",
        "time": 1629628940137,
        "isBuyerMaker": false,
        "isBestMatch": true
    },
    {
        "id": 224339905,
        "price": "49318.71000000",
        "qty": "0.00202800",
        "quoteQty": "100.01834388",
        "time": 1629628940137,
        "isBuyerMaker": false,
        "isBestMatch": true
    },
    {
        "id": 224339906,
        "price": "49318.71000000",
        "qty": "0.00202800",
        "quoteQty": "100.01834388",
        "time": 1629628940137,
        "isBuyerMaker": false,
        "isBestMatch": true
    },
    {
        "id": 224339907,
        "price": "49318.71000000",
        "qty": "0.00202800",
        "quoteQty": "100.01834388",
        "time": 1629628940137,
        "isBuyerMaker": false,
        "isBestMatch": true
    },
    {
        "id": 224339908,
        "price": "49318.71000000",
        "qty": "0.00202800",
        "quoteQty": "100.01834388",
        "time": 1629628940137,
        "isBuyerMaker": false,
        "isBestMatch": true
    },
    {
        "id": 224339909,
        "price": "49318.71000000",
        "qty": "0.00202800",
        "quoteQty": "100.01834388",
        "time": 1629628940137,
        "isBuyerMaker": false,
        "isBestMatch": true
    },
    {
        "id": 224339910,
        "price": "49318.71000000",
        "qty": "0.11128300",
        "quoteQty": "5488.33400493",
        "time": 1629628940137,
        "isBuyerMaker": false,
        "isBestMatch": true
    },
    {
        "id": 224339911,
        "price": "49318.71000000",
        "qty": "0.02466000",
        "quoteQty": "1216.19938860",
        "time": 1629628940633,
        "isBuyerMaker": false,
        "isBestMatch": true
    },
    {
        "id": 224339912,
        "price": "49318.70000000",
        "qty": "0.00144500",
        "quoteQty": "71.26552150",
        "time": 1629628942053,
        "isBuyerMaker": true,
        "isBestMatch": true
    },
    {
        "id": 224339913,
        "price": "49318.71000000",
        "qty": "0.12373100",
        "quoteQty": "6102.25330701",
        "time": 1629628942137,
        "isBuyerMaker": false,
        "isBestMatch": true
    },
    {
        "id": 224339914,
        "price": "49318.70000000",
        "qty": "0.00046800",
        "quoteQty": "23.08115160",
        "time": 1629628942201,
        "isBuyerMaker": true,
        "isBestMatch": true
    },
    {
        "id": 224339915,
        "price": "49318.71000000",
        "qty": "0.02032600",
        "quoteQty": "1002.45209946",
        "time": 1629628943137,
        "isBuyerMaker": false,
        "isBestMatch": true
    },
    {
        "id": 224339916,
        "price": "49318.71000000",
        "qty": "0.02000000",
        "quoteQty": "986.37420000",
        "time": 1629628943137,
        "isBuyerMaker": false,
        "isBestMatch": true
    },
    {
        "id": 224339917,
        "price": "49318.71000000",
        "qty": "0.06496900",
        "quoteQty": "3204.18726999",
        "time": 1629628943137,
        "isBuyerMaker": false,
        "isBestMatch": true
    },
    {
        "id": 224339918,
        "price": "49318.71000000",
        "qty": "0.01843600",
        "quoteQty": "909.23973756",
        "time": 1629628943137,
        "isBuyerMaker": false,
        "isBestMatch": true
    },
    {
        "id": 224339919,
        "price": "49318.70000000",
        "qty": "0.00011400",
        "quoteQty": "5.62233180",
        "time": 1629628943199,
        "isBuyerMaker": true,
        "isBestMatch": true
    },
    {
        "id": 224339920,
        "price": "49318.70000000",
        "qty": "0.00027900",
        "quoteQty": "13.75991730",
        "time": 1629628943199,
        "isBuyerMaker": true,
        "isBestMatch": true
    },
    {
        "id": 224339921,
        "price": "49318.70000000",
        "qty": "0.00063400",
        "quoteQty": "31.26805580",
        "time": 1629628943199,
        "isBuyerMaker": true,
        "isBestMatch": true
    },
    {
        "id": 224339922,
        "price": "49318.71000000",
        "qty": "0.02411000",
        "quoteQty": "1189.07409810",
        "time": 1629628943211,
        "isBuyerMaker": false,
        "isBestMatch": true
    },
    {
        "id": 224339923,
        "price": "49318.71000000",
        "qty": "0.02636700",
        "quoteQty": "1300.38642657",
        "time": 1629628943211,
        "isBuyerMaker": false,
        "isBestMatch": true
    },
    {
        "id": 224339924,
        "price": "49318.71000000",
        "qty": "0.00171100",
        "quoteQty": "84.38431281",
        "time": 1629628943603,
        "isBuyerMaker": false,
        "isBestMatch": true
    },
    {
        "id": 224339925,
        "price": "49318.70000000",
        "qty": "0.00001700",
        "quoteQty": "0.83841790",
        "time": 1629628945280,
        "isBuyerMaker": true,
        "isBestMatch": true
    },
    {
        "id": 224339926,
        "price": "49318.70000000",
        "qty": "0.00202800",
        "quoteQty": "100.01832360",
        "time": 1629628945280,
        "isBuyerMaker": true,
        "isBestMatch": true
    },
    {
        "id": 224339927,
        "price": "49318.70000000",
        "qty": "0.00202800",
        "quoteQty": "100.01832360",
        "time": 1629628945280,
        "isBuyerMaker": true,
        "isBestMatch": true
    },
    {
        "id": 224339928,
        "price": "49318.70000000",
        "qty": "0.00202800",
        "quoteQty": "100.01832360",
        "time": 1629628945280,
        "isBuyerMaker": true,
        "isBestMatch": true
    },
    {
        "id": 224339929,
        "price": "49318.70000000",
        "qty": "0.00202800",
        "quoteQty": "100.01832360",
        "time": 1629628945280,
        "isBuyerMaker": true,
        "isBestMatch": true
    },
    {
        "id": 224339930,
        "price": "49317.91000000",
        "qty": "0.00086500",
        "quoteQty": "42.65999215",
        "time": 1629628945358,
        "isBuyerMaker": false,
        "isBestMatch": true
    },
    {
        "id": 224339931,
        "price": "49317.91000000",
        "qty": "0.02384200",
        "quoteQty": "1175.83761022",
        "time": 1629628945626,
        "isBuyerMaker": false,
        "isBestMatch": true
    },
    {
        "id": 224339932,
        "price": "49317.91000000",
        "qty": "0.00307500",
        "quoteQty": "151.65257325",
        "time": 1629628946400,
        "isBuyerMaker": false,
        "isBestMatch": true
    },
    {
        "id": 224339933,
        "price": "49317.90000000",
        "qty": "0.00202700",
        "quoteQty": "99.96738330",
        "time": 1629628946498,
        "isBuyerMaker": true,
        "isBestMatch": true
    },
    {
        "id": 224339934,
        "price": "49317.90000000",
        "qty": "0.00202800",
        "quoteQty": "100.01670120",
        "time": 1629628946498,
        "isBuyerMaker": true,
        "isBestMatch": true
    },
    {
        "id": 224339935,
        "price": "49317.90000000",
        "qty": "0.00040000",
        "quoteQty": "19.72716000",
        "time": 1629628946498,
        "isBuyerMaker": true,
        "isBestMatch": true
    },
    {
        "id": 224339936,
        "price": "49315.90000000",
        "qty": "0.01518200",
        "quoteQty": "748.71399380",
        "time": 1629628948443,
        "isBuyerMaker": false,
        "isBestMatch": true
    },
    {
        "id": 224339937,
        "price": "49315.90000000",
        "qty": "0.00684500",
        "quoteQty": "337.56733550",
        "time": 1629628948921,
        "isBuyerMaker": false,
        "isBestMatch": true
    },
    {
        "id": 224339938,
        "price": "49315.89000000",
        "qty": "0.00031700",
        "quoteQty": "15.63313713",
        "time": 1629628950964,
        "isBuyerMaker": true,
        "isBestMatch": true
    },
    {
        "id": 224339939,
        "price": "49315.89000000",
        "qty": "0.01499000",
        "quoteQty": "739.24519110",
        "time": 1629628951270,
        "isBuyerMaker": true,
        "isBestMatch": true
    },
    {
        "id": 224339940,
        "price": "49315.89000000",
        "qty": "0.00202700",
        "quoteQty": "99.96330903",
        "time": 1629628951270,
        "isBuyerMaker": true,
        "isBestMatch": true
    },
    {
        "id": 224339941,
        "price": "49315.89000000",
        "qty": "0.00080000",
        "quoteQty": "39.45271200",
        "time": 1629628951270,
        "isBuyerMaker": true,
        "isBestMatch": true
    },
    {
        "id": 224339942,
        "price": "49315.89000000",
        "qty": "0.11938400",
        "quoteQty": "5887.52821176",
        "time": 1629628951270,
        "isBuyerMaker": true,
        "isBestMatch": true
    },
    {
        "id": 224339943,
        "price": "49315.89000000",
        "qty": "0.02000000",
        "quoteQty": "986.31780000",
        "time": 1629628951270,
        "isBuyerMaker": true,
        "isBestMatch": true
    },
    {
        "id": 224339944,
        "price": "49315.89000000",
        "qty": "0.60000000",
        "quoteQty": "29589.53400000",
        "time": 1629628951270,
        "isBuyerMaker": true,
        "isBestMatch": true
    },
    {
        "id": 224339945,
        "price": "49315.89000000",
        "qty": "0.07584200",
        "quoteQty": "3740.21572938",
        "time": 1629628951270,
        "isBuyerMaker": true,
        "isBestMatch": true
    },
    {
        "id": 224339946,
        "price": "49315.89000000",
        "qty": "0.19766000",
        "quoteQty": "9747.77881740",
        "time": 1629628951270,
        "isBuyerMaker": true,
        "isBestMatch": true
    },
    {
        "id": 224339947,
        "price": "49313.94000000",
        "qty": "0.00608300",
        "quoteQty": "299.97669702",
        "time": 1629628951270,
        "isBuyerMaker": true,
        "isBestMatch": true
    },
    {
        "id": 224339948,
        "price": "49313.94000000",
        "qty": "0.04055500",
        "quoteQty": "1999.92683670",
        "time": 1629628951270,
        "isBuyerMaker": true,
        "isBestMatch": true
    },
    {
        "id": 224339949,
        "price": "49313.43000000",
        "qty": "0.04507300",
        "quoteQty": "2222.70423039",
        "time": 1629628951270,
        "isBuyerMaker": true,
        "isBestMatch": true
    },
    {
        "id": 224339950,
        "price": "49313.42000000",
        "qty": "0.08821800",
        "quoteQty": "4350.33128556",
        "time": 1629628951270,
        "isBuyerMaker": true,
        "isBestMatch": true
    },
    {
        "id": 224339951,
        "price": "49310.25000000",
        "qty": "0.16363000",
        "quoteQty": "8068.63620750",
        "time": 1629628951270,
        "isBuyerMaker": true,
        "isBestMatch": true
    },
    {
        "id": 224339952,
        "price": "49310.24000000",
        "qty": "0.42651500",
        "quoteQty": "21031.55701360",
        "time": 1629628951270,
        "isBuyerMaker": true,
        "isBestMatch": true
    },
    {
        "id": 224339953,
        "price": "49310.00000000",
        "qty": "0.01123600",
        "quoteQty": "554.04716000",
        "time": 1629628951277,
        "isBuyerMaker": false,
        "isBestMatch": true
    },
    {
        "id": 224339954,
        "price": "49310.00000000",
        "qty": "0.03661600",
        "quoteQty": "1805.53496000",
        "time": 1629628951305,
        "isBuyerMaker": false,
        "isBestMatch": true
    },
    {
        "id": 224339955,
        "price": "49310.00000000",
        "qty": "0.08955600",
        "quoteQty": "4416.00636000",
        "time": 1629628951351,
        "isBuyerMaker": false,
        "isBestMatch": true
    },
    {
        "id": 224339956,
        "price": "49310.00000000",
        "qty": "0.00963900",
        "quoteQty": "475.29909000",
        "time": 1629628951390,
        "isBuyerMaker": false,
        "isBestMatch": true
    },
    {
        "id": 224339957,
        "price": "49310.00000000",
        "qty": "0.03065400",
        "quoteQty": "1511.54874000",
        "time": 1629628951399,
        "isBuyerMaker": false,
        "isBestMatch": true
    },
    {
        "id": 224339958,
        "price": "49310.00000000",
        "qty": "0.02890200",
        "quoteQty": "1425.15762000",
        "time": 1629628951399,
        "isBuyerMaker": false,
        "isBestMatch": true
    },
    {
        "id": 224339959,
        "price": "49310.00000000",
        "qty": "0.00027900",
        "quoteQty": "13.75749000",
        "time": 1629628951989,
        "isBuyerMaker": false,
        "isBestMatch": true
    },
    {
        "id": 224339960,
        "price": "49310.00000000",
        "qty": "0.00964900",
        "quoteQty": "475.79219000",
        "time": 1629628951989,
        "isBuyerMaker": false,
        "isBestMatch": true
    },
    {
        "id": 224339961,
        "price": "49310.00000000",
        "qty": "0.10598000",
        "quoteQty": "5225.87380000",
        "time": 1629628952008,
        "isBuyerMaker": false,
        "isBestMatch": true
    },
    {
        "id": 224339962,
        "price": "49310.00000000",
        "qty": "0.00041700",
        "quoteQty": "20.56227000",
        "time": 1629628952052,
        "isBuyerMaker": false,
        "isBestMatch": true
    },
    {
        "id": 224339963,
        "price": "49310.00000000",
        "qty": "0.00600700",
        "quoteQty": "296.20517000",
        "time": 1629628952096,
        "isBuyerMaker": false,
        "isBestMatch": true
    },
    {
        "id": 224339964,
        "price": "49310.00000000",
        "qty": "0.03274700",
        "quoteQty": "1614.75457000",
        "time": 1629628952159,
        "isBuyerMaker": false,
        "isBestMatch": true
    },
    {
        "id": 224339965,
        "price": "49310.00000000",
        "qty": "0.00070700",
        "quoteQty": "34.86217000",
        "time": 1629628952186,
        "isBuyerMaker": false,
        "isBestMatch": true
    },
    {
        "id": 224339966,
        "price": "49310.00000000",
        "qty": "0.00020300",
        "quoteQty": "10.00993000",
        "time": 1629628952359,
        "isBuyerMaker": false,
        "isBestMatch": true
    },
    {
        "id": 224339967,
        "price": "49310.00000000",
        "qty": "0.01066600",
        "quoteQty": "525.94046000",
        "time": 1629628952386,
        "isBuyerMaker": false,
        "isBestMatch": true
    },
    {
        "id": 224339968,
        "price": "49310.00000000",
        "qty": "0.00020300",
        "quoteQty": "10.00993000",
        "time": 1629628952391,
        "isBuyerMaker": false,
        "isBestMatch": true
    },
    {
        "id": 224339969,
        "price": "49310.00000000",
        "qty": "0.00020300",
        "quoteQty": "10.00993000",
        "time": 1629628952457,
        "isBuyerMaker": false,
        "isBestMatch": true
    },
    {
        "id": 224339970,
        "price": "49310.00000000",
        "qty": "0.00020300",
        "quoteQty": "10.00993000",
        "time": 1629628952530,
        "isBuyerMaker": false,
        "isBestMatch": true
    },
    {
        "id": 224339971,
        "price": "49310.00000000",
        "qty": "0.00020300",
        "quoteQty": "10.00993000",
        "time": 1629628952576,
        "isBuyerMaker": false,
        "isBestMatch": true
    },
    {
        "id": 224339972,
        "price": "49310.00000000",
        "qty": "0.00972100",
        "quoteQty": "479.34251000",
        "time": 1629628952589,
        "isBuyerMaker": false,
        "isBestMatch": true
    },
    {
        "id": 224339973,
        "price": "49310.00000000",
        "qty": "0.00048800",
        "quoteQty": "24.06328000",
        "time": 1629628952655,
        "isBuyerMaker": false,
        "isBestMatch": true
    },
    {
        "id": 224339974,
        "price": "49310.00000000",
        "qty": "0.00020300",
        "quoteQty": "10.00993000",
        "time": 1629628952708,
        "isBuyerMaker": false,
        "isBestMatch": true
    },
    {
        "id": 224339975,
        "price": "49310.00000000",
        "qty": "0.00989100",
        "quoteQty": "487.72521000",
        "time": 1629628952789,
        "isBuyerMaker": false,
        "isBestMatch": true
    },
    {
        "id": 224339976,
        "price": "49310.01000000",
        "qty": "0.00202800",
        "quoteQty": "100.00070028",
        "time": 1629628952989,
        "isBuyerMaker": false,
        "isBestMatch": true
    },
    {
        "id": 224339977,
        "price": "49310.01000000",
        "qty": "0.00202800",
        "quoteQty": "100.00070028",
        "time": 1629628952989,
        "isBuyerMaker": false,
        "isBestMatch": true
    },
    {
        "id": 224339978,
        "price": "49312.44000000",
        "qty": "0.00297700",
        "quoteQty": "146.80313388",
        "time": 1629628953856,
        "isBuyerMaker": true,
        "isBestMatch": true
    },
    {
        "id": 224339979,
        "price": "49312.45000000",
        "qty": "0.00020300",
        "quoteQty": "10.01042735",
        "time": 1629628954025,
        "isBuyerMaker": false,
        "isBestMatch": true
    },
    {
        "id": 224339980,
        "price": "49312.45000000",
        "qty": "0.00020300",
        "quoteQty": "10.01042735",
        "time": 1629628954056,
        "isBuyerMaker": false,
        "isBestMatch": true
    },
    {
        "id": 224339981,
        "price": "49312.45000000",
        "qty": "0.00020300",
        "quoteQty": "10.01042735",
        "time": 1629628954173,
        "isBuyerMaker": false,
        "isBestMatch": true
    },
    {
        "id": 224339982,
        "price": "49312.45000000",
        "qty": "0.00020300",
        "quoteQty": "10.01042735",
        "time": 1629628954258,
        "isBuyerMaker": false,
        "isBestMatch": true
    },
    {
        "id": 224339983,
        "price": "49312.45000000",
        "qty": "0.00020300",
        "quoteQty": "10.01042735",
        "time": 1629628954267,
        "isBuyerMaker": false,
        "isBestMatch": true
    },
    {
        "id": 224339984,
        "price": "49312.45000000",
        "qty": "0.00492700",
        "quoteQty": "242.96244115",
        "time": 1629628954405,
        "isBuyerMaker": false,
        "isBestMatch": true
    },
    {
        "id": 224339985,
        "price": "49312.45000000",
        "qty": "0.00020300",
        "quoteQty": "10.01042735",
        "time": 1629628954449,
        "isBuyerMaker": false,
        "isBestMatch": true
    },
    {
        "id": 224339986,
        "price": "49312.45000000",
        "qty": "0.00020300",
        "quoteQty": "10.01042735",
        "time": 1629628954554,
        "isBuyerMaker": false,
        "isBestMatch": true
    },
    {
        "id": 224339987,
        "price": "49312.45000000",
        "qty": "0.00020300",
        "quoteQty": "10.01042735",
        "time": 1629628954566,
        "isBuyerMaker": false,
        "isBestMatch": true
    },
    {
        "id": 224339988,
        "price": "49312.44000000",
        "qty": "0.00022200",
        "quoteQty": "10.94736168",
        "time": 1629628954655,
        "isBuyerMaker": true,
        "isBestMatch": true
    },
    {
        "id": 224339989,
        "price": "49312.45000000",
        "qty": "0.00020300",
        "quoteQty": "10.01042735",
        "time": 1629628954703,
        "isBuyerMaker": false,
        "isBestMatch": true
    },
    {
        "id": 224339990,
        "price": "49312.45000000",
        "qty": "0.00020300",
        "quoteQty": "10.01042735",
        "time": 1629628954809,
        "isBuyerMaker": false,
        "isBestMatch": true
    },
    {
        "id": 224339991,
        "price": "49312.45000000",
        "qty": "0.00020300",
        "quoteQty": "10.01042735",
        "time": 1629628954846,
        "isBuyerMaker": false,
        "isBestMatch": true
    },
    {
        "id": 224339992,
        "price": "49312.44000000",
        "qty": "0.00045900",
        "quoteQty": "22.63440996",
        "time": 1629628955106,
        "isBuyerMaker": true,
        "isBestMatch": true
    },
    {
        "id": 224339993,
        "price": "49312.45000000",
        "qty": "0.00020300",
        "quoteQty": "10.01042735",
        "time": 1629628955168,
        "isBuyerMaker": false,
        "isBestMatch": true
    },
    {
