[
    {
        "id": 290809696,
        "price": "0.06611600",
        "qty": "0.00200000",
        "quoteQty": "0.00013223",
        "time": 1629628183466,
        "isBuyerMaker": true,
        "isBestMatch": true
    },
    {
        "id": 290809697,
        "price": "0.06611700",
        "qty": "0.00400000",
        "quoteQty": "0.00026446",
        "time": 1629628184306,
        "isBuyerMaker": false,
        "isBestMatch": true
    },
    {
        "id": 290809698,
        "price": "0.06611600",
        "qty": "0.00200000",
        "quoteQty": "0.00013223",
        "time": 1629628184728,
        "isBuyerMaker": true,
        "isBestMatch": true
    },
    {
        "id": 290809699,
        "price": "0.06611400",
        "qty": "0.01100000",
        "quoteQty": "0.00072725",
        "time": 1629628185016,
        "isBuyerMaker": true,
        "isBestMatch": true
    },
    {
        "id": 290809700,
        "price": "0.06611400",
        "qty": "0.00800000",
        "quoteQty": "0.00052891",
        "time": 1629628185843,
        "isBuyerMaker": true,
        "isBestMatch": true
    },
    {
        "id": 290809701,
        "price": "0.06611400",
        "qty": "0.00200000",
        "quoteQty": "0.00013222",
        "time": 1629628186116,
        "isBuyerMaker": true,
        "isBestMatch": true
    },
    {
        "id": 290809702,
        "price": "0.06611800",
        "qty": "0.00300000",
        "quoteQty": "0.00019835",
        "time": 1629628187799,
        "isBuyerMaker": false,
        "isBestMatch": true
    },
    {
        "id": 290809703,
        "price": "0.06611800",
        "qty": "0.06200000",
        "quoteQty": "0.00409931",
        "time": 1629628187799,
        "isBuyerMaker": false,
        "isBestMatch": true
    },
    {
        "id": 290809704,
        "price": "0.06611800",
        "qty": "0.00200000",
        "quoteQty": "0.00013223",
        "time": 1629628187904,
        "isBuyerMaker": false,
        "isBestMatch": true
    },
    {
        "id": 290809705,
        "price": "0.06611800",
        "qty": "0.00500000",
        "quoteQty": "0.00033059",
        "time": 1629628188000,
        "isBuyerMaker": false,
        "isBestMatch": true
    },
    {
        "id": 290809706,
        "price": "0.06611800",
        "qty": "0.00300000",
        "quoteQty": "0.00019835",
        "time": 1629628188766,
        "isBuyerMaker": false,
        "isBestMatch": true
    },
    {
        "id": 290809707,
        "price": "0.06611700",
        "qty": "0.07900000",
        "quoteQty": "0.00522324",
        "time": 1629628188885,
        "isBuyerMaker": true,
        "isBestMatch": true
    },
    {
        "id": 290809708,
        "price": "0.06611700",
        "qty": "0.00300000",
        "quoteQty": "0.00019835",
        "time": 1629628189215,
        "isBuyerMaker": true,
        "isBestMatch": true
    },
    {
        "id": 290809709,
        "price": "0.06611800",
        "qty": "0.05300000",
        "quoteQty": "0.00350425",
        "time": 1629628189387,
        "isBuyerMaker": false,
        "isBestMatch": true
    },
    {
        "id": 290809710,
        "price": "0.06611700",
        "qty": "0.02500000",
        "quoteQty": "0.00165292",
        "time": 1629628190097,
        "isBuyerMaker": true,
        "isBestMatch": true
    },
    {
        "id": 290809711,
        "price": "0.06611700",
        "qty": "0.00300000",
        "quoteQty": "0.00019835",
        "time": 1629628190211,
        "isBuyerMaker": true,
        "isBestMatch": true
    },
    {
        "id": 290809712,
        "price": "0.06611700",
        "qty": "0.47000000",
        "quoteQty": "0.03107499",
        "time": 1629628190770,
        "isBuyerMaker": true,
        "isBestMatch": true
    },
    {
        "id": 290809713,
        "price": "0.06611700",
        "qty": "0.70500000",
        "quoteQty": "0.04661248",
        "time": 1629628190954,
        "isBuyerMaker": true,
        "isBestMatch": true
    },
    {
        "id": 290809714,
        "price": "0.06611700",
        "qty": "0.70500000",
        "quoteQty": "0.04661248",
        "time": 1629628191019,
        "isBuyerMaker": true,
        "isBestMatch": true
    },
    {
        "id": 290809715,
        "price": "0.06611300",
        "qty": "0.00300000",
        "quoteQty": "0.00019833",
        "time": 1629628191124,
        "isBuyerMaker": false,
        "isBestMatch": true
    },
    {
        "id": 290809716,
        "price": "0.06611300",
        "qty": "0.04300000",
        "quoteQty": "0.00284285",
        "time": 1629628191520,
        "isBuyerMaker": false,
        "isBestMatch": true
    },
    {
        "id": 290809717,
        "price": "0.06611300",
        "qty": "0.12200000",
        "quoteQty": "0.00806578",
        "time": 1629628192496,
        "isBuyerMaker": false,
        "isBestMatch": true
    },
    {
        "id": 290809718,
        "price": "0.06611300",
        "qty": "0.30300000",
        "quoteQty": "0.02003223",
        "time": 1629628192958,
        "isBuyerMaker": false,
        "isBestMatch": true
    },
    {
        "id": 290809719,
        "price": "0.06611200",
        "qty": "0.28000000",
        "quoteQty": "0.01851136",
        "time": 1629628193190,
        "isBuyerMaker": true,
        "isBestMatch": true
    },
    {
        "id": 290809720,
        "price": "0.06611200",
        "qty": "0.00200000",
        "quoteQty": "0.00013222",
        "time": 1629628193566,
        "isBuyerMaker": true,
        "isBestMatch": true
    },
    {
        "id": 290809721,
        "price": "0.06611800",
        "qty": "0.00200000",
        "quoteQty": "0.00013223",
        "time": 1629628195881,
        "isBuyerMaker": false,
        "isBestMatch": true
    },
    {
        "id": 290809722,
        "price": "0.06611800",
        "qty": "0.00200000",
        "quoteQty": "0.00013223",
        "time": 1629628196659,
        "isBuyerMaker": false,
        "isBestMatch": true
    },
    {
        "id": 290809723,
        "price": "0.06611800",
        "qty": "0.00200000",
        "quoteQty": "0.00013223",
        "time": 1629628199054,
        "isBuyerMaker": false,
        "isBestMatch": true
    },
    {
        "id": 290809724,
        "price": "0.06611800",
        "qty": "2.93700000",
        "quoteQty": "0.19418856",
        "time": 1629628200801,
        "isBuyerMaker": false,
        "isBestMatch": true
    },
    {
        "id": 290809725,
        "price": "0.06611800",
        "qty": "0.34100000",
        "quoteQty": "0.02254623",
        "time": 1629628201457,
        "isBuyerMaker": true,
        "isBestMatch": true
    },
    {
        "id": 290809726,
        "price": "0.06611200",
        "qty": "1.71900000",
        "quoteQty": "0.11364652",
        "time": 1629628201641,
        "isBuyerMaker": false,
        "isBestMatch": true
    },
    {
        "id": 290809727,
        "price": "0.06611200",
        "qty": "0.01500000",
        "quoteQty": "0.00099168",
        "time": 1629628202299,
        "isBuyerMaker": false,
        "isBestMatch": true
    },
    {
        "id": 290809728,
        "price": "0.06611200",
        "qty": "0.08200000",
        "quoteQty": "0.00542118",
        "time": 1629628202443,
        "isBuyerMaker": false,
        "isBestMatch": true
    },
    {
        "id": 290809729,
        "price": "0.06612100",
        "qty": "0.01300000",
        "quoteQty": "0.00085957",
        "time": 1629628206984,
        "isBuyerMaker": false,
        "isBestMatch": true
    },
    {
        "id": 290809730,
        "price": "0.06612100",
        "qty": "0.00500000",
        "quoteQty": "0.00033060",
        "time": 1629628208308,
        "isBuyerMaker": false,
        "isBestMatch": true
    },
    {
        "id": 290809731,
        "price": "0.06612100",
        "qty": "0.00600000",
        "quoteQty": "0.00039672",
        "time": 1629628209223,
        "isBuyerMaker": false,
        "isBestMatch": true
    },
    {
        "id": 290809732,
        "price": "0.06611100",
        "qty": "0.52200000",
        "quoteQty": "0.03450994",
        "time": 1629628212672,
        "isBuyerMaker": true,
        "isBestMatch": true
    },
    {
        "id": 290809733,
        "price": "0.06611200",
        "qty": "0.00200000",
        "quoteQty": "0.00013222",
        "time": 1629628212822,
        "isBuyerMaker": false,
        "isBestMatch": true
    },
    {
        "id": 290809734,
        "price": "0.06611100",
        "qty": "0.12800000",
        "quoteQty": "0.00846220",
        "time": 1629628212863,
        "isBuyerMaker": true,
        "isBestMatch": true
    },
    {
        "id": 290809735,
        "price": "0.06611100",
        "qty": "0.50300000",
        "quoteQty": "0.03325383",
        "time": 1629628212909,
        "isBuyerMaker": true,
        "isBestMatch": true
    },
    {
        "id": 290809736,
        "price": "0.06611100",
        "qty": "0.01100000",
        "quoteQty": "0.00072722",
        "time": 1629628212909,
        "isBuyerMaker": true,
        "isBestMatch": true
    },
    {
        "id": 290809737,
        "price": "0.06611100",
        "qty": "2.94400000",
        "quoteQty": "0.19463078",
        "time": 1629628212961,
        "isBuyerMaker": true,
        "isBestMatch": true
    },
    {
        "id": 290809738,
        "price": "0.06611100",
        "qty": "2.12100000",
        "quoteQty": "0.14022143",
        "time": 1629628213006,
        "isBuyerMaker": true,
        "isBestMatch": true
    },
    {
        "id": 290809739,
        "price": "0.06611100",
        "qty": "0.02900000",
        "quoteQty": "0.00191721",
        "time": 1629628213061,
        "isBuyerMaker": true,
        "isBestMatch": true
    },
    {
        "id": 290809740,
        "price": "0.06611100",
        "qty": "0.09300000",
        "quoteQty": "0.00614832",
        "time": 1629628213108,
        "isBuyerMaker": true,
        "isBestMatch": true
    },
    {
        "id": 290809741,
        "price": "0.06611100",
        "qty": "0.14300000",
        "quoteQty": "0.00945387",
        "time": 1629628213256,
        "isBuyerMaker": true,
        "isBestMatch": true
    },
    {
        "id": 290809742,
        "price": "0.06611100",
        "qty": "0.33200000",
        "quoteQty": "0.02194885",
        "time": 1629628213263,
        "isBuyerMaker": true,
        "isBestMatch": true
    },
    {
        "id": 290809743,
        "price": "0.06610600",
        "qty": "0.00300000",
        "quoteQty": "0.00019831",
        "time": 1629628213263,
        "isBuyerMaker": true,
        "isBestMatch": true
    },
    {
        "id": 290809744,
        "price": "0.06609500",
        "qty": "0.00600000",
        "quoteQty": "0.00039657",
        "time": 1629628213263,
        "isBuyerMaker": true,
        "isBestMatch": true
    },
    {
        "id": 290809745,
        "price": "0.06609700",
        "qty": "0.30200000",
        "quoteQty": "0.01996129",
        "time": 1629628213366,
        "isBuyerMaker": false,
        "isBestMatch": true
    },
    {
        "id": 290809746,
        "price": "0.06609700",
        "qty": "0.00200000",
        "quoteQty": "0.00013219",
        "time": 1629628213413,
        "isBuyerMaker": false,
        "isBestMatch": true
    },
    {
        "id": 290809747,
        "price": "0.06609700",
        "qty": "0.00400000",
        "quoteQty": "0.00026438",
        "time": 1629628213661,
        "isBuyerMaker": false,
        "isBestMatch": true
    },
    {
        "id": 290809748,
        "price": "0.06609700",
        "qty": "0.00200000",
        "quoteQty": "0.00013219",
        "time": 1629628213892,
        "isBuyerMaker": false,
        "isBestMatch": true
    },
    {
        "id": 290809749,
        "price": "0.06609700",
        "qty": "0.00200000",
        "quoteQty": "0.00013219",
        "time": 1629628213902,
        "isBuyerMaker": false,
        "isBestMatch": true
    },
    {
        "id": 290809750,
        "price": "0.06609700",
        "qty": "0.12200000",
        "quoteQty": "0.00806383",
        "time": 1629628214044,
        "isBuyerMaker": false,
        "isBestMatch": true
    },
    {
        "id": 290809751,
        "price": "0.06609600",
        "qty": "0.00200000",
        "quoteQty": "0.00013219",
        "time": 1629628215069,
        "isBuyerMaker": true,
        "isBestMatch": true
    },
    {
        "id": 290809752,
        "price": "0.06609700",
        "qty": "0.30200000",
        "quoteQty": "0.01996129",
        "time": 1629628216197,
        "isBuyerMaker": false,
        "isBestMatch": true
    },
    {
        "id": 290809753,
        "price": "0.06609600",
        "qty": "0.00100000",
        "quoteQty": "0.00006609",
        "time": 1629628216265,
        "isBuyerMaker": true,
        "isBestMatch": true
    },
    {
        "id": 290809754,
        "price": "0.06609600",
        "qty": "0.00100000",
        "quoteQty": "0.00006609",
        "time": 1629628216265,
        "isBuyerMaker": true,
        "isBestMatch": true
    },
    {
        "id": 290809755,
        "price": "0.06609700",
        "qty": "0.04100000",
        "quoteQty": "0.00270997",
        "time": 1629628216545,
        "isBuyerMaker": false,
        "isBestMatch": true
    },
    {
        "id": 290809756,
        "price": "0.06609700",
        "qty": "0.00200000",
        "quoteQty": "0.00013219",
        "time": 1629628216545,
        "isBuyerMaker": false,
        "isBestMatch": true
    },
    {
        "id": 290809757,
        "price": "0.06609700",
        "qty": "0.01500000",
        "quoteQty": "0.00099145",
        "time": 1629628216545,
        "isBuyerMaker": false,
        "isBestMatch": true
    },
    {
        "id": 290809758,
        "price": "0.06610200",
        "qty": "0.03500000",
        "quoteQty": "0.00231357",
        "time": 1629628217766,
        "isBuyerMaker": false,
        "isBestMatch": true
    },
    {
        "id": 290809759,
        "price": "0.06610200",
        "qty": "0.09100000",
        "quoteQty": "0.00601528",
        "time": 1629628219098,
        "isBuyerMaker": false,
        "isBestMatch": true
    },
    {
        "id": 290809760,
        "price": "0.06610200",
        "qty": "0.09100000",
        "quoteQty": "0.00601528",
        "time": 1629628219153,
        "isBuyerMaker": false,
        "isBestMatch": true
    },
    {
        "id": 290809761,
        "price": "0.06610200",
        "qty": "0.25600000",
        "quoteQty": "0.01692211",
        "time": 1629628220546,
        "isBuyerMaker": false,
        "isBestMatch": true
    },
    {
        "id": 290809762,
        "price": "0.06610500",
        "qty": "0.35300000",
        "quoteQty": "0.02333506",
        "time": 1629628221995,
        "isBuyerMaker": false,
        "isBestMatch": true
    },
    {
        "id": 290809763,
        "price": "0.06610500",
        "qty": "0.12000000",
        "quoteQty": "0.00793260",
        "time": 1629628222396,
        "isBuyerMaker": false,
        "isBestMatch": true
    },
    {
        "id": 290809764,
        "price": "0.06610800",
        "qty": "0.00300000",
        "quoteQty": "0.00019832",
        "time": 1629628222541,
        "isBuyerMaker": false,
        "isBestMatch": true
    },
    {
        "id": 290809765,
        "price": "0.06610800",
        "qty": "0.47300000",
        "quoteQty": "0.03126908",
        "time": 1629628222541,
        "isBuyerMaker": false,
        "isBestMatch": true
    },
    {
        "id": 290809766,
        "price": "0.06611900",
        "qty": "0.40300000",
        "quoteQty": "0.02664595",
        "time": 1629628222654,
        "isBuyerMaker": true,
        "isBestMatch": true
    },
    {
        "id": 290809767,
        "price": "0.06611900",
        "qty": "0.03100000",
        "quoteQty": "0.00204968",
        "time": 1629628223606,
        "isBuyerMaker": true,
        "isBestMatch": true
    },
    {
        "id": 290809768,
        "price": "0.06611900",
        "qty": "1.49800000",
        "quoteQty": "0.09904626",
        "time": 1629628223650,
        "isBuyerMaker": true,
        "isBestMatch": true
    },
    {
        "id": 290809769,
        "price": "0.06611800",
        "qty": "0.00400000",
        "quoteQty": "0.00026447",
        "time": 1629628225588,
        "isBuyerMaker": false,
        "isBestMatch": true
    },
    {
        "id": 290809770,
        "price": "0.06611700",
        "qty": "0.00500000",
        "quoteQty": "0.00033058",
        "time": 1629628227031,
        "isBuyerMaker": true,
        "isBestMatch": true
    },
    {
        "id": 290809771,
        "price": "0.06611700",
        "qty": "3.20800000",
        "quoteQty": "0.21210333",
        "time": 1629628228501,
        "isBuyerMaker": true,
        "isBestMatch": true
    },
    {
        "id": 290809772,
        "price": "0.06611700",
        "qty": "0.10000000",
        "quoteQty": "0.00661170",
        "time": 1629628228549,
        "isBuyerMaker": true,
        "isBestMatch": true
    },
    {
        "id": 290809773,
        "price": "0.06611400",
        "qty": "0.09400000",
        "quoteQty": "0.00621471",
        "time": 1629628230302,
        "isBuyerMaker": true,
        "isBestMatch": true
    },
    {
        "id": 290809774,
        "price": "0.06611100",
        "qty": "0.04500000",
        "quoteQty": "0.00297499",
        "time": 1629628231079,
        "isBuyerMaker": false,
        "isBestMatch": true
    },
    {
        "id": 290809775,
        "price": "0.06611000",
        "qty": "0.04400000",
        "quoteQty": "0.00290884",
        "time": 1629628232438,
        "isBuyerMaker": true,
        "isBestMatch": true
    },
    {
        "id": 290809776,
        "price": "0.06611000",
        "qty": "1.65300000",
        "quoteQty": "0.10927983",
        "time": 1629628234006,
        "isBuyerMaker": true,
        "isBestMatch": true
    },
    {
        "id": 290809777,
        "price": "0.06611000",
        "qty": "3.40300000",
        "quoteQty": "0.22497233",
        "time": 1629628237729,
        "isBuyerMaker": true,
        "isBestMatch": true
    },
    {
        "id": 290809778,
        "price": "0.06611000",
        "qty": "0.37900000",
        "quoteQty": "0.02505569",
        "time": 1629628237729,
        "isBuyerMaker": true,
        "isBestMatch": true
    },
    {
        "id": 290809779,
        "price": "0.06611000",
        "qty": "0.01500000",
        "quoteQty": "0.00099165",
        "time": 1629628238204,
        "isBuyerMaker": true,
        "isBestMatch": true
    },
    {
        "id": 290809780,
        "price": "0.06611000",
        "qty": "0.05400000",
        "quoteQty": "0.00356994",
        "time": 1629628239208,
        "isBuyerMaker": true,
        "isBestMatch": true
    },
    {
        "id": 290809781,
        "price": "0.06611000",
        "qty": "0.14600000",
        "quoteQty": "0.00965206",
        "time": 1629628239208,
        "isBuyerMaker": true,
        "isBestMatch": true
    },
    {
        "id": 290809782,
        "price": "0.06611000",
        "qty": "0.00500000",
        "quoteQty": "0.00033055",
        "time": 1629628242341,
        "isBuyerMaker": true,
        "isBestMatch": true
    },
    {
        "id": 290809783,
        "price": "0.06611000",
        "qty": "0.00700000",
        "quoteQty": "0.00046277",
        "time": 1629628242582,
        "isBuyerMaker": true,
        "isBestMatch": true
    },
    {
        "id": 290809784,
        "price": "0.06611100",
        "qty": "0.83400000",
        "quoteQty": "0.05513657",
        "time": 1629628242944,
        "isBuyerMaker": false,
        "isBestMatch": true
    },
    {
        "id": 290809785,
        "price": "0.06611100",
        "qty": "0.34500000",
        "quoteQty": "0.02280829",
        "time": 1629628242991,
        "isBuyerMaker": false,
        "isBestMatch": true
    },
    {
        "id": 290809786,
        "price": "0.06611100",
        "qty": "0.34500000",
        "quoteQty": "0.02280829",
        "time": 1629628243047,
        "isBuyerMaker": false,
        "isBestMatch": true
    },
    {
        "id": 290809787,
        "price": "0.06611100",
        "qty": "0.16900000",
        "quoteQty": "0.01117275",
        "time": 1629628243095,
        "isBuyerMaker": false,
        "isBestMatch": true
    },
    {
        "id": 290809788,
        "price": "0.06611000",
        "qty": "0.00200000",
        "quoteQty": "0.00013222",
        "time": 1629628243545,
        "isBuyerMaker": true,
        "isBestMatch": true
    },
    {
        "id": 290809789,
        "price": "0.06611100",
        "qty": "0.00200000",
        "quoteQty": "0.00013222",
        "time": 1629628244288,
        "isBuyerMaker": false,
        "isBestMatch": true
    },
    {
        "id": 290809790,
        "price": "0.06611100",
        "qty": "0.00400000",
        "quoteQty": "0.00026444",
        "time": 1629628244966,
        "isBuyerMaker": false,
        "isBestMatch": true
    },
    {
        "id": 290809791,
        "price": "0.06611100",
        "qty": "0.00200000",
        "quoteQty": "0.00013222",
        "time": 1629628245512,
        "isBuyerMaker": false,
        "isBestMatch": true
    },
    {
        "id": 290809792,
        "price": "0.06611100",
        "qty": "0.00500000",
        "quoteQty": "0.00033055",
        "time": 1629628245546,
        "isBuyerMaker": false,
        "isBestMatch": true
    },
    {
        "id": 290809793,
        "price": "0.06611100",
        "qty": "0.00700000",
        "quoteQty": "0.00046277",
        "time": 1629628245674,
        "isBuyerMaker": false,
        "isBestMatch": true
    },
    {
        "id": 290809794,
        "price": "0.06611000",
        "qty": "0.00200000",
        "quoteQty": "0.00013222",
        "time": 1629628245753,
        "isBuyerMaker": true,
        "isBestMatch": true
    },
    {
        "id": 290809795,
        "price": "0.06611000",
        "qty": "0.00400000",
        "quoteQty": "0.00026444",
        "time": 1629628246031,
        "isBuyerMaker": true,
        "isBestMatch": true
    },
    {
        "id": 290809796,
        "price": "0.06611000",
        "qty": "0.00300000",
        "quoteQty": "0.00019833",
        "time": 1629628246708,
        "isBuyerMaker": true,
        "isBestMatch": true
    },
    {
        "id": 290809797,
        "price": "0.06611000",
        "qty": "0.00700000",
        "quoteQty": "0.00046277",
        "time": 1629628247133,
        "isBuyerMaker": true,
        "isBestMatch": true
    },
    {
        "id": 290809798,
        "price": "0.06611000",
        "qty": "0.00800000",
        "quoteQty": "0.00052888",
        "time": 1629628247672,
        "isBuyerMaker": true,
        "isBestMatch": true
    },
    {
        "id": 290809799,
        "price": "0.06611100",
        "qty": "3.25900000",
        "quoteQty": "0.21545574",
        "time": 1629628250146,
        "isBuyerMaker": false,
        "isBestMatch": true
    },
    {
        "id": 290809800,
        "price": "0.06611100",
        "qty": "1.61400000",
        "quoteQty": "0.10670315",
        "time": 1629628250193,
        "isBuyerMaker": false,
        "isBestMatch": true
    },
    {
        "id": 290809801,
        "price": "0.06611100",
        "qty": "1.25000000",
        "quoteQty": "0.08263875",
        "time": 1629628250240,
        "isBuyerMaker": false,
        "isBestMatch": true
    },
    {
        "id": 290809802,
        "price": "0.06611100",
        "qty": "0.40000000",
        "quoteQty": "0.02644440",
        "time": 1629628251845,
        "isBuyerMaker": false,
        "isBestMatch": true
    },
    {
        "id": 290809803,
        "price": "0.06611100",
        "qty": "0.01400000",
        "quoteQty": "0.00092555",
        "time": 1629628252156,
        "isBuyerMaker": false,
        "isBestMatch": true
    },
    {
        "id": 290809804,
        "price": "0.06611100",
        "qty": "0.07000000",
        "quoteQty": "0.00462777",
        "time": 1629628252194,
        "isBuyerMaker": false,
        "isBestMatch": true
    },
    {
        "id": 290809805,
        "price": "0.06611500",
        "qty": "0.45300000",
        "quoteQty": "0.02995009",
        "time": 1629628253144,
        "isBuyerMaker": false,
        "isBestMatch": true
    },
    {
        "id": 290809806,
        "price": "0.06611600",
        "qty": "0.00300000",
        "quoteQty": "0.00019834",
        "time": 1629628257879,
        "isBuyerMaker": false,
        "isBestMatch": true
    },
    {
        "id": 290809807,
        "price": "0.06611700",
        "qty": "1.49800000",
        "quoteQty": "0.09904326",
        "time": 1629628257879,
        "isBuyerMaker": false,
        "isBestMatch": true
    },
    {
        "id": 290809808,
        "price": "0.06611800",
        "qty": "0.47300000",
        "quoteQty": "0.03127381",
        "time": 1629628257950,
        "isBuyerMaker": false,
        "isBestMatch": true
    },
    {
        "id": 290809809,
        "price": "0.06612600",
        "qty": "0.08400000",
        "quoteQty": "0.00555458",
        "time": 1629628258010,
        "isBuyerMaker": true,
        "isBestMatch": true
    },
    {
        "id": 290809810,
        "price": "0.06612700",
        "qty": "0.20000000",
        "quoteQty": "0.01322540",
        "time": 1629628260649,
        "isBuyerMaker": false,
        "isBestMatch": true
    },
    {
        "id": 290809811,
        "price": "0.06612700",
        "qty": "0.12800000",
        "quoteQty": "0.00846425",
        "time": 1629628263088,
        "isBuyerMaker": false,
        "isBestMatch": true
    },
    {
        "id": 290809812,
        "price": "0.06612600",
        "qty": "0.37800000",
        "quoteQty": "0.02499562",
        "time": 1629628264755,
        "isBuyerMaker": true,
        "isBestMatch": true
    },
    {
        "id": 290809813,
        "price": "0.06612700",
        "qty": "0.12700000",
        "quoteQty": "0.00839812",
        "time": 1629628265088,
        "isBuyerMaker": false,
        "isBestMatch": true
    },
    {
        "id": 290809814,
        "price": "0.06612600",
        "qty": "1.02600000",
        "quoteQty": "0.06784527",
        "time": 1629628265306,
        "isBuyerMaker": true,
        "isBestMatch": true
    },
    {
        "id": 290809815,
        "price": "0.06612600",
        "qty": "0.12700000",
        "quoteQty": "0.00839800",
        "time": 1629628265499,
        "isBuyerMaker": true,
        "isBestMatch": true
    },
    {
        "id": 290809816,
        "price": "0.06612600",
        "qty": "0.32900000",
        "quoteQty": "0.02175545",
        "time": 1629628265499,
        "isBuyerMaker": true,
        "isBestMatch": true
    },
    {
        "id": 290809817,
        "price": "0.06612600",
        "qty": "3.31600000",
        "quoteQty": "0.21927381",
        "time": 1629628269067,
        "isBuyerMaker": true,
        "isBestMatch": true
    },
    {
        "id": 290809818,
        "price": "0.06611800",
        "qty": "0.98600000",
        "quoteQty": "0.06519234",
        "time": 1629628269110,
        "isBuyerMaker": true,
        "isBestMatch": true
    },
    {
        "id": 290809819,
        "price": "0.06611700",
        "qty": "2.00900000",
        "quoteQty": "0.13282905",
        "time": 1629628269110,
        "isBuyerMaker": true,
        "isBestMatch": true
    },
    {
        "id": 290809820,
        "price": "0.06611700",
        "qty": "0.94100000",
        "quoteQty": "0.06221609",
        "time": 1629628270053,
        "isBuyerMaker": true,
        "isBestMatch": true
    },
    {
        "id": 290809821,
        "price": "0.06611700",
        "qty": "1.82600000",
        "quoteQty": "0.12072964",
        "time": 1629628270152,
        "isBuyerMaker": true,
        "isBestMatch": true
    },
    {
        "id": 290809822,
        "price": "0.06611700",
        "qty": "2.87800000",
        "quoteQty": "0.19028472",
        "time": 1629628270747,
        "isBuyerMaker": true,
        "isBestMatch": true
    },
    {
        "id": 290809823,
        "price": "0.06611300",
        "qty": "0.00800000",
        "quoteQty": "0.00052890",
        "time": 1629628271875,
        "isBuyerMaker": true,
        "isBestMatch": true
    },
    {
        "id": 290809824,
        "price": "0.06611400",
        "qty": "1.25000000",
        "quoteQty": "0.08264250",
        "time": 1629628272147,
        "isBuyerMaker": false,
        "isBestMatch": true
    },
    {
        "id": 290809825,
        "price": "0.06611400",
        "qty": "3.30800000",
        "quoteQty": "0.21870511",
        "time": 1629628272194,
        "isBuyerMaker": false,
        "isBestMatch": true
    },
    {
        "id": 290809826,
        "price": "0.06611800",
        "qty": "0.05600000",
        "quoteQty": "0.00370260",
        "time": 1629628274604,
        "isBuyerMaker": true,
        "isBestMatch": true
    },
    {
        "id": 290809827,
        "price": "0.06611800",
        "qty": "0.17400000",
        "quoteQty": "0.01150453",
        "time": 1629628275108,
        "isBuyerMaker": true,
        "isBestMatch": true
    },
    {
        "id": 290809828,
        "price": "0.06611700",
        "qty": "0.06200000",
        "quoteQty": "0.00409925",
        "time": 1629628284563,
        "isBuyerMaker": true,
        "isBestMatch": true
    },
    {
        "id": 290809829,
        "price": "0.06611600",
        "qty": "0.32200000",
        "quoteQty": "0.02128935",
        "time": 1629628286448,
        "isBuyerMaker": false,
        "isBestMatch": true
    },
    {
        "id": 290809830,
        "price": "0.06611600",
        "qty": "1.42800000",
        "quoteQty": "0.09441364",
        "time": 1629628286448,
        "isBuyerMaker": false,
        "isBestMatch": true
    },
    {
        "id": 290809831,
        "price": "0.06611700",
        "qty": "0.55200000",
        "quoteQty": "0.03649658",
        "time": 1629628288378,
        "isBuyerMaker": true,
        "isBestMatch": true
    },
    {
        "id": 290809832,
        "price": "0.06611700",
        "qty": "0.03900000",
        "quoteQty": "0.00257856",
        "time": 1629628288630,
        "isBuyerMaker": true,
        "isBestMatch": true
    },
    {
        "id": 290809833,
        "price": "0.06611700",
        "qty": "0.21400000",
        "quoteQty": "0.01414903",
        "time": 1629628295004,
        "isBuyerMaker": true,
        "isBestMatch": true
    },
    {
        "id": 290809834,
        "price": "0.06611800",
        "qty": "0.00300000",
        "quoteQty": "0.00019835",
        "time": 1629628299050,
        "isBuyerMaker": false,
        "isBestMatch": true
    },
    {
        "id": 290809835,
        "price": "0.06612400",
        "qty": "0.00200000",
        "quoteQty": "0.00013224",
        "time": 1629628299050,
        "isBuyerMaker": false,
        "isBestMatch": true
    },
    {
        "id": 290809836,
        "price": "0.06612300",
        "qty": "0.01000000",
        "quoteQty": "0.00066123",
        "time": 1629628301964,
        "isBuyerMaker": true,
        "isBestMatch": true
    },
    {
        "id": 290809837,
        "price": "0.06612500",
        "qty": "0.03500000",
        "quoteQty": "0.00231437",
        "time": 1629628303904,
        "isBuyerMaker": true,
        "isBestMatch": true
    },
    {
        "id": 290809838,
        "price": "0.06612500",
        "qty": "0.18400000",
        "quoteQty": "0.01216700",
        "time": 1629628305168,
        "isBuyerMaker": true,
        "isBestMatch": true
    },
    {
        "id": 290809839,
        "price": "0.06612300",
        "qty": "0.00300000",
        "quoteQty": "0.00019836",
        "time": 1629628307901,
        "isBuyerMaker": true,
        "isBestMatch": true
    },
    {
        "id": 290809840,
        "price": "0.06612300",
        "qty": "0.15800000",
        "quoteQty": "0.01044743",
        "time": 1629628308616,
        "isBuyerMaker": true,
        "isBestMatch": true
    },
    {
        "id": 290809841,
        "price": "0.06612300",
        "qty": "0.00200000",
        "quoteQty": "0.00013224",
        "time": 1629628308835,
        "isBuyerMaker": true,
        "isBestMatch": true
    },
    {
        "id": 290809842,
        "price": "0.06612300",
        "qty": "0.54300000",
        "quoteQty": "0.03590478",
        "time": 1629628310254,
        "isBuyerMaker": true,
        "isBestMatch": true
    },
    {
        "id": 290809843,
        "price": "0.06612100",
        "qty": "1.12600000",
        "quoteQty": "0.07445224",
        "time": 1629628310781,
        "isBuyerMaker": true,
        "isBestMatch": true
    },
    {
        "id": 290809844,
        "price": "0.06611700",
        "qty": "0.46000000",
        "quoteQty": "0.03041382",
        "time": 1629628310808,
        "isBuyerMaker": true,
        "isBestMatch": true
    },
    {
        "id": 290809845,
        "price": "0.06610600",
        "qty": "0.30700000",
        "quoteQty": "0.02029454",
        "time": 1629628310808,
        "isBuyerMaker": true,
        "isBestMatch": true
    },
    {
        "id": 290809846,
        "price": "0.06610100",
        "qty": "0.35900000",
        "quoteQty": "0.02373025",
        "time": 1629628310808,
        "isBuyerMaker": true,
        "isBestMatch": true
    },
    {
        "id": 290809847,
        "price": "0.06610600",
        "qty": "0.26300000",
        "quoteQty": "0.01738587",
        "time": 1629628311010,
        "isBuyerMaker": false,
        "isBestMatch": true
    },
    {
        "id": 290809848,
        "price": "0.06610800",
        "qty": "0.00600000",
        "quoteQty": "0.00039664",
        "time": 1629628312150,
        "isBuyerMaker": false,
        "isBestMatch": true
    },
    {
        "id": 290809849,
        "price": "0.06610800",
        "qty": "0.13400000",
        "quoteQty": "0.00885847",
        "time": 1629628314256,
        "isBuyerMaker": false,
        "isBestMatch": true
    },
    {
        "id": 290809850,
        "price": "0.06610800",
        "qty": "0.73300000",
        "quoteQty": "0.04845716",
        "time": 1629628315037,
        "isBuyerMaker": false,
        "isBestMatch": true
    },
    {
        "id": 290809851,
        "price": "0.06610800",
        "qty": "0.65800000",
        "quoteQty": "0.04349906",
        "time": 1629628315623,
        "isBuyerMaker": false,
        "isBestMatch": true
    },
    {
        "id": 290809852,
        "price": "0.06610800",
        "qty": "0.07500000",
        "quoteQty": "0.00495810",
        "time": 1629628315623,
        "isBuyerMaker": false,
        "isBestMatch": true
    },
    {
        "id": 290809853,
        "price": "0.06610800",
        "qty": "0.78200000",
        "quoteQty": "0.05169645",
        "time": 1629628315626,
        "isBuyerMaker": false,
        "isBestMatch": true
    },
    {
        "id": 290809854,
        "price": "0.06610800",
        "qty": "0.50000000",
        "quoteQty": "0.03305400",
        "time": 1629628316374,
        "isBuyerMaker": false,
        "isBestMatch": true
    },
    {
        "id": 290809855,
        "price": "0.06610800",
        "qty": "0.04200000",
        "quoteQty": "0.00277653",
        "time": 1629628316718,
        "isBuyerMaker": false,
        "isBestMatch": true
    },
    {
        "id": 290809856,
        "price": "0.06610800",
        "qty": "0.40000000",
        "quoteQty": "0.02644320",
        "time": 1629628318043,
        "isBuyerMaker": false,
        "isBestMatch": true
    },
    {
        "id": 290809857,
        "price": "0.06610800",
        "qty": "1.85600000",
        "quoteQty": "0.12269644",
        "time": 1629628318043,
        "isBuyerMaker": false,
        "isBestMatch": true
    },
    {
        "id": 290809858,
        "price": "0.06610400",
        "qty": "0.00200000",
        "quoteQty": "0.00013220",
        "time": 1629628322095,
        "isBuyerMaker": true,
        "isBestMatch": true
    },
    {
        "id": 290809859,
        "price": "0.06610500",
        "qty": "5.00000000",
        "quoteQty": "0.33052500",
        "time": 1629628329038,
        "isBuyerMaker": false,
        "isBestMatch": true
    },
    {
        "id": 290809860,
        "price": "0.06610700",
        "qty": "1.53100000",
        "quoteQty": "0.10120981",
        "time": 1629628329844,
        "isBuyerMaker": false,
        "isBestMatch": true
    },
    {
        "id": 290809861,
        "price": "0.06610700",
        "qty": "0.00400000",
        "quoteQty": "0.00026442",
        "time": 1629628330392,
        "isBuyerMaker": true,
        "isBestMatch": true
    },
    {
        "id": 290809862,
        "price": "0.06610800",
        "qty": "0.47300000",
        "quoteQty": "0.03126908",
        "time": 1629628334034,
        "isBuyerMaker": false,
        "isBestMatch": true
    },
    {
        "id": 290809863,
        "price": "0.06610800",
        "qty": "3.19600000",
        "quoteQty": "0.21128116",
        "time": 1629628334034,
        "isBuyerMaker": false,
        "isBestMatch": true
    },
    {
        "id": 290809864,
        "price": "0.06611300",
        "qty": "0.47300000",
        "quoteQty": "0.03127144",
        "time": 1629628334144,
        "isBuyerMaker": false,
        "isBestMatch": true
    },
    {
        "id": 290809865,
        "price": "0.06611700",
        "qty": "0.28700000",
        "quoteQty": "0.01897557",
        "time": 1629628334292,
        "isBuyerMaker": false,
        "isBestMatch": true
    },
    {
        "id": 290809866,
        "price": "0.06611700",
        "qty": "0.16300000",
        "quoteQty": "0.01077707",
        "time": 1629628334292,
        "isBuyerMaker": false,
        "isBestMatch": true
    },
    {
        "id": 290809867,
        "price": "0.06611900",
        "qty": "0.31100000",
        "quoteQty": "0.02056300",
        "time": 1629628336415,
        "isBuyerMaker": true,
        "isBestMatch": true
    },
    {
        "id": 290809868,
        "price": "0.06612000",
        "qty": "0.00200000",
        "quoteQty": "0.00013224",
        "time": 1629628340284,
        "isBuyerMaker": false,
        "isBestMatch": true
    },
    {
        "id": 290809869,
        "price": "0.06612400",
        "qty": "0.21900000",
        "quoteQty": "0.01448115",
        "time": 1629628340348,
        "isBuyerMaker": true,
        "isBestMatch": true
    },
    {
        "id": 290809870,
        "price": "0.06612500",
        "qty": "0.04000000",
        "quoteQty": "0.00264500",
        "time": 1629628340532,
        "isBuyerMaker": false,
        "isBestMatch": true
    },
    {
        "id": 290809871,
        "price": "0.06612400",
        "qty": "0.00400000",
        "quoteQty": "0.00026449",
        "time": 1629628340626,
        "isBuyerMaker": true,
        "isBestMatch": true
    },
    {
        "id": 290809872,
        "price": "0.06612500",
        "qty": "0.00300000",
        "quoteQty": "0.00019837",
        "time": 1629628340638,
        "isBuyerMaker": false,
        "isBestMatch": true
    },
    {
        "id": 290809873,
        "price": "0.06612500",
        "qty": "0.00300000",
        "quoteQty": "0.00019837",
        "time": 1629628341749,
        "isBuyerMaker": true,
        "isBestMatch": true
    },
    {
        "id": 290809874,
        "price": "0.06612500",
        "qty": "0.07600000",
        "quoteQty": "0.00502550",
        "time": 1629628343987,
        "isBuyerMaker": true,
        "isBestMatch": true
    },
    {
        "id": 290809875,
        "price": "0.06612600",
        "qty": "0.26200000",
        "quoteQty": "0.01732501",
        "time": 1629628344444,
        "isBuyerMaker": false,
        "isBestMatch": true
    },
    {
        "id": 290809876,
        "price": "0.06612600",
        "qty": "0.04300000",
        "quoteQty": "0.00284341",
        "time": 1629628344444,
        "isBuyerMaker": false,
        "isBestMatch": true
    },
    {
        "id": 290809877,
        "price": "0.06612600",
        "qty": "0.03300000",
        "quoteQty": "0.00218215",
        "time": 1629628344494,
        "isBuyerMaker": false,
        "isBestMatch": true
    },
    {
        "id": 290809878,
        "price": "0.06612800",
        "qty": "0.07500000",
        "quoteQty": "0.00495960",
        "time": 1629628344578,
        "isBuyerMaker": false,
        "isBestMatch": true
    },
    {
        "id": 290809879,
        "price": "0.06612800",
        "qty": "0.39800000",
        "quoteQty": "0.02631894",
        "time": 1629628344593,
        "isBuyerMaker": false,
        "isBestMatch": true
    },
    {
        "id": 290809880,
        "price": "0.06612800",
        "qty": "0.07600000",
        "quoteQty": "0.00502572",
        "time": 1629628344593,
        "isBuyerMaker": false,
        "isBestMatch": true
    },
    {
        "id": 290809881,
        "price": "0.06613600",
        "qty": "0.00900000",
        "quoteQty": "0.00059522",
        "time": 1629628346182,
        "isBuyerMaker": true,
        "isBestMatch": true
    },
    {
        "id": 290809882,
        "price": "0.06613700",
        "qty": "0.47300000",
        "quoteQty": "0.03128280",
        "time": 1629628348616,
        "isBuyerMaker": false,
        "isBestMatch": true
    },
    {
        "id": 290809883,
        "price": "0.06614100",
        "qty": "0.14300000",
        "quoteQty": "0.00945816",
        "time": 1629628348636,
        "isBuyerMaker": true,
        "isBestMatch": true
    },
    {
        "id": 290809884,
        "price": "0.06614100",
        "qty": "0.06900000",
        "quoteQty": "0.00456372",
        "time": 1629628348660,
        "isBuyerMaker": true,
        "isBestMatch": true
    },
    {
        "id": 290809885,
        "price": "0.06614200",
        "qty": "0.05700000",
        "quoteQty": "0.00377009",
        "time": 1629628348707,
        "isBuyerMaker": false,
        "isBestMatch": true
    },
    {
        "id": 290809886,
        "price": "0.06614300",
        "qty": "0.09400000",
        "quoteQty": "0.00621744",
        "time": 1629628348707,
        "isBuyerMaker": false,
        "isBestMatch": true
    },
    {
        "id": 290809887,
        "price": "0.06614200",
        "qty": "0.00900000",
        "quoteQty": "0.00059527",
        "time": 1629628350161,
        "isBuyerMaker": true,
        "isBestMatch": true
    },
    {
        "id": 290809888,
        "price": "0.06614200",
        "qty": "2.12200000",
        "quoteQty": "0.14035332",
        "time": 1629628350522,
        "isBuyerMaker": true,
        "isBestMatch": true
    },
    {
        "id": 290809889,
        "price": "0.06614200",
        "qty": "2.12200000",
        "quoteQty": "0.14035332",
        "time": 1629628351571,
        "isBuyerMaker": true,
        "isBestMatch": true
    },
    {
        "id": 290809890,
        "price": "0.06614200",
        "qty": "2.12200000",
        "quoteQty": "0.14035332",
        "time": 1629628352485,
        "isBuyerMaker": true,
        "isBestMatch": true
    },
    {
        "id": 290809891,
        "price": "0.06614200",
        "qty": "2.12200000",
        "quoteQty": "0.14035332",
        "time": 1629628353578,
        "isBuyerMaker": true,
        "isBestMatch": true
    },
    {
        "id": 290809892,
        "price": "0.06614200",
        "qty": "1.85300000",
        "quoteQty": "0.12256112",
        "time": 1629628353940,
        "isBuyerMaker": true,
        "isBestMatch": true
    },
    {
        "id": 290809893,
        "price": "0.06614200",
        "qty": "3.14700000",
        "quoteQty": "0.20814887",
        "time": 1629628353940,
        "isBuyerMaker": true,
        "isBestMatch": true
    },
    {
        "id": 290809894,
        "price": "0.06614200",
        "qty": "2.12200000",
        "quoteQty": "0.14035332",
        "time": 1629628355064,
        "isBuyerMaker": true,
        "isBestMatch": true
    },
    {
        "id": 290809895,
        "price": "0.06614200",
        "qty": "2.12200000",
        "quoteQty": "0.14035332",
        "time": 1629628356040,
        "isBuyerMaker": true,
        "isBestMatch": true
    },
    {
        "id": 290809896,
        "price": "0.06614200",
        "qty": "2.12200000",
        "quoteQty": "0.14035332",
        "time": 1629628357412,
        "isBuyerMaker": true,
        "isBestMatch": true
    },
    {
        "id": 290809897,
        "price": "0.06614200",
        "qty": "0.02500000",
        "quoteQty": "0.00165355",
        "time": 1629628358202,
        "isBuyerMaker": true,
        "isBestMatch": true
    },
    {
        "id": 290809898,
        "price": "0.06614200",
        "qty": "3.18400000",
        "quoteQty": "0.21059612",
        "time": 1629628358202,
        "isBuyerMaker": true,
        "isBestMatch": true
    },
    {
        "id": 290809899,
        "price": "0.06614200",
        "qty": "2.39200000",
        "quoteQty": "0.15821166",
        "time": 1629628358255,
        "isBuyerMaker": true,
        "isBestMatch": true
    },
    {
        "id": 290809900,
        "price": "0.06613700",
        "qty": "1.78600000",
        "quoteQty": "0.11812068",
        "time": 1629628358452,
        "isBuyerMaker": true,
        "isBestMatch": true
    },
    {
        "id": 290809901,
        "price": "0.06613500",
        "qty": "0.33600000",
        "quoteQty": "0.02222136",
        "time": 1629628358452,
        "isBuyerMaker": true,
        "isBestMatch": true
    },
    {
        "id": 290809902,
        "price": "0.06613200",
        "qty": "0.83700000",
        "quoteQty": "0.05535248",
        "time": 1629628359169,
        "isBuyerMaker": true,
        "isBestMatch": true
    },
    {
        "id": 290809903,
        "price": "0.06613200",
        "qty": "0.63300000",
        "quoteQty": "0.04186155",
        "time": 1629628359212,
        "isBuyerMaker": true,
        "isBestMatch": true
    },
    {
        "id": 290809904,
        "price": "0.06613200",
        "qty": "0.15400000",
        "quoteQty": "0.01018432",
        "time": 1629628359753,
        "isBuyerMaker": true,
        "isBestMatch": true
    },
    {
        "id": 290809905,
        "price": "0.06613200",
        "qty": "2.12200000",
        "quoteQty": "0.14033210",
        "time": 1629628359867,
        "isBuyerMaker": true,
        "isBestMatch": true
    },
    {
        "id": 290809906,
        "price": "0.06613900",
        "qty": "0.06300000",
        "quoteQty": "0.00416675",
        "time": 1629628362454,
        "isBuyerMaker": true,
        "isBestMatch": true
    },
    {
        "id": 290809907,
        "price": "0.06613900",
        "qty": "0.06300000",
        "quoteQty": "0.00416675",
        "time": 1629628362553,
        "isBuyerMaker": true,
        "isBestMatch": true
    },
    {
        "id": 290809908,
        "price": "0.06614000",
        "qty": "0.00400000",
        "quoteQty": "0.00026456",
        "time": 1629628368200,
        "isBuyerMaker": false,
        "isBestMatch": true
    },
    {
        "id": 290809909,
        "price": "0.06614000",
        "qty": "0.11700000",
        "quoteQty": "0.00773838",
        "time": 1629628368200,
        "isBuyerMaker": false,
        "isBestMatch": true
    },
    {
        "id": 290809910,
        "price": "0.06613900",
        "qty": "0.00300000",
        "quoteQty": "0.00019841",
        "time": 1629628368608,
        "isBuyerMaker": true,
        "isBestMatch": true
    },
    {
        "id": 290809911,
        "price": "0.06614100",
        "qty": "2.84500000",
        "quoteQty": "0.18817114",
        "time": 1629628370604,
        "isBuyerMaker": false,
        "isBestMatch": true
    },
    {
        "id": 290809912,
        "price": "0.06614200",
        "qty": "0.03800000",
        "quoteQty": "0.00251339",
        "time": 1629628370645,
        "isBuyerMaker": false,
        "isBestMatch": true
    },
    {
        "id": 290809913,
        "price": "0.06614200",
        "qty": "2.91100000",
        "quoteQty": "0.19253936",
        "time": 1629628370694,
        "isBuyerMaker": false,
        "isBestMatch": true
    },
    {
        "id": 290809914,
        "price": "0.06614200",
        "qty": "0.04400000",
        "quoteQty": "0.00291024",
        "time": 1629628371303,
        "isBuyerMaker": true,
        "isBestMatch": true
    },
    {
        "id": 290809915,
        "price": "0.06614200",
        "qty": "3.23400000",
        "quoteQty": "0.21390322",
        "time": 1629628372153,
        "isBuyerMaker": true,
        "isBestMatch": true
    },
    {
        "id": 290809916,
        "price": "0.06614200",
        "qty": "0.00600000",
        "quoteQty": "0.00039685",
        "time": 1629628374007,
        "isBuyerMaker": true,
        "isBestMatch": true
    },
    {
        "id": 290809917,
        "price": "0.06614300",
        "qty": "0.47300000",
        "quoteQty": "0.03128563",
        "time": 1629628374358,
        "isBuyerMaker": false,
        "isBestMatch": true
    },
    {
        "id": 290809918,
        "price": "0.06614300",
        "qty": "0.31400000",
        "quoteQty": "0.02076890",
        "time": 1629628374358,
        "isBuyerMaker": false,
        "isBestMatch": true
    },
    {
        "id": 290809919,
        "price": "0.06614300",
        "qty": "2.12200000",
        "quoteQty": "0.14035544",
        "time": 1629628377179,
        "isBuyerMaker": true,
        "isBestMatch": true
    },
    {
        "id": 290809920,
        "price": "0.06614300",
        "qty": "0.37800000",
        "quoteQty": "0.02500205",
        "time": 1629628378387,
        "isBuyerMaker": true,
        "isBestMatch": true
    },
    {
        "id": 290809921,
        "price": "0.06614300",
        "qty": "1.74400000",
        "quoteQty": "0.11535339",
        "time": 1629628378387,
        "isBuyerMaker": true,
        "isBestMatch": true
    },
    {
        "id": 290809922,
        "price": "0.06614300",
        "qty": "2.12200000",
        "quoteQty": "0.14035544",
        "time": 1629628379455,
        "isBuyerMaker": true,
        "isBestMatch": true
    },
    {
        "id": 290809923,
        "price": "0.06614300",
        "qty": "0.92400000",
        "quoteQty": "0.06111613",
        "time": 1629628380577,
        "isBuyerMaker": true,
        "isBestMatch": true
    },
    {
        "id": 290809924,
        "price": "0.06614300",
        "qty": "0.18600000",
        "quoteQty": "0.01230259",
        "time": 1629628381678,
        "isBuyerMaker": true,
        "isBestMatch": true
    },
    {
        "id": 290809925,
        "price": "0.06614300",
        "qty": "0.03700000",
        "quoteQty": "0.00244729",
        "time": 1629628382781,
        "isBuyerMaker": true,
        "isBestMatch": true
    },
    {
        "id": 290809926,
        "price": "0.06614200",
        "qty": "0.00200000",
        "quoteQty": "0.00013228",
        "time": 1629628383044,
        "isBuyerMaker": false,
        "isBestMatch": true
    },
    {
        "id": 290809927,
        "price": "0.06614100",
        "qty": "0.00700000",
        "quoteQty": "0.00046298",
        "time": 1629628383980,
        "isBuyerMaker": true,
        "isBestMatch": true
    },
    {
        "id": 290809928,
        "price": "0.06614100",
        "qty": "0.00800000",
        "quoteQty": "0.00052912",
        "time": 1629628386464,
        "isBuyerMaker": true,
        "isBestMatch": true
    },
    {
        "id": 290809929,
        "price": "0.06614100",
        "qty": "0.22100000",
        "quoteQty": "0.01461716",
        "time": 1629628386464,
        "isBuyerMaker": true,
        "isBestMatch": true
    },
    {
        "id": 290809930,
        "price": "0.06613600",
        "qty": "3.30400000",
        "quoteQty": "0.21851334",
        "time": 1629628387169,
        "isBuyerMaker": true,
        "isBestMatch": true
    },
    {
        "id": 290809931,
        "price": "0.06613600",
        "qty": "0.00900000",
        "quoteQty": "0.00059522",
        "time": 1629628387217,
        "isBuyerMaker": true,
        "isBestMatch": true
    },
    {
        "id": 290809932,
        "price": "0.06613600",
        "qty": "0.01100000",
        "quoteQty": "0.00072749",
        "time": 1629628387320,
        "isBuyerMaker": true,
        "isBestMatch": true
    },
    {
        "id": 290809933,
        "price": "0.06613600",
        "qty": "2.46300000",
        "quoteQty": "0.16289296",
        "time": 1629628387358,
        "isBuyerMaker": true,
        "isBestMatch": true
    },
    {
        "id": 290809934,
        "price": "0.06612900",
        "qty": "3.49200000",
        "quoteQty": "0.23092246",
        "time": 1629628389780,
        "isBuyerMaker": false,
        "isBestMatch": true
    },
    {
        "id": 290809935,
        "price": "0.06613100",
        "qty": "0.02600000",
        "quoteQty": "0.00171940",
        "time": 1629628389902,
        "isBuyerMaker": false,
        "isBestMatch": true
    },
    {
        "id": 290809936,
        "price": "0.06613100",
        "qty": "0.49600000",
        "quoteQty": "0.03280097",
        "time": 1629628393069,
        "isBuyerMaker": false,
        "isBestMatch": true
    },
    {
        "id": 290809937,
        "price": "0.06613100",
        "qty": "0.82200000",
        "quoteQty": "0.05435968",
        "time": 1629628393069,
        "isBuyerMaker": false,
        "isBestMatch": true
    },
    {
        "id": 290809938,
        "price": "0.06613200",
        "qty": "1.31300000",
        "quoteQty": "0.08683131",
        "time": 1629628393124,
        "isBuyerMaker": false,
        "isBestMatch": true
    },
    {
        "id": 290809939,
        "price": "0.06613100",
        "qty": "0.00700000",
        "quoteQty": "0.00046291",
        "time": 1629628393178,
        "isBuyerMaker": true,
        "isBestMatch": true
    },
    {
        "id": 290809940,
        "price": "0.06613100",
        "qty": "0.10500000",
        "quoteQty": "0.00694375",
        "time": 1629628393211,
        "isBuyerMaker": true,
        "isBestMatch": true
    },
    {
        "id": 290809941,
        "price": "0.06613100",
        "qty": "0.01300000",
        "quoteQty": "0.00085970",
        "time": 1629628393267,
        "isBuyerMaker": true,
        "isBestMatch": true
    },
    {
        "id": 290809942,
        "price": "0.06613100",
        "qty": "0.03200000",
        "quoteQty": "0.00211619",
        "time": 1629628393311,
        "isBuyerMaker": true,
        "isBestMatch": true
    },
    {
        "id": 290809943,
        "price": "0.06613300",
        "qty": "0.12100000",
        "quoteQty": "0.00800209",
        "time": 1629628395409,
        "isBuyerMaker": false,
        "isBestMatch": true
    },
    {
        "id": 290809944,
        "price": "0.06613200",
        "qty": "0.03000000",
        "quoteQty": "0.00198396",
        "time": 1629628395916,
        "isBuyerMaker": true,
        "isBestMatch": true
    },
    {
        "id": 290809945,
        "price": "0.06613200",
        "qty": "0.21500000",
        "quoteQty": "0.01421838",
        "time": 1629628396213,
        "isBuyerMaker": true,
        "isBestMatch": true
    },
    {
        "id": 290809946,
        "price": "0.06613200",
        "qty": "0.23200000",
        "quoteQty": "0.01534262",
        "time": 1629628396558,
        "isBuyerMaker": true,
        "isBestMatch": true
    },
    {
        "id": 290809947,
        "price": "0.06613200",
        "qty": "0.15100000",
        "quoteQty": "0.00998593",
        "time": 1629628396852,
        "isBuyerMaker": true,
        "isBestMatch": true
    },
    {
        "id": 290809948,
        "price": "0.06612800",
        "qty": "0.00300000",
        "quoteQty": "0.00019838",
        "time": 1629628398607,
        "isBuyerMaker": true,
        "isBestMatch": true
    },
    {
        "id": 290809949,
        "price": "0.06612800",
        "qty": "0.01200000",
        "quoteQty": "0.00079353",
        "time": 1629628398607,
        "isBuyerMaker": true,
        "isBestMatch": true
    },
    {
        "id": 290809950,
        "price": "0.06612800",
        "qty": "0.01600000",
        "quoteQty": "0.00105804",
        "time": 1629628398753,
        "isBuyerMaker": true,
        "isBestMatch": true
    },
    {
        "id": 290809951,
        "price": "0.06612800",
        "qty": "0.16500000",
        "quoteQty": "0.01091112",
        "time": 1629628398809,
        "isBuyerMaker": true,
        "isBestMatch": true
    },
    {
        "id": 290809952,
        "price": "0.06612800",
        "qty": "0.16800000",
        "quoteQty": "0.01110950",
        "time": 1629628398860,
        "isBuyerMaker": true,
        "isBestMatch": true
    },
    {
        "id": 290809953,
        "price": "0.06612800",
        "qty": "0.21200000",
        "quoteQty": "0.01401913",
        "time": 1629628399163,
        "isBuyerMaker": true,
        "isBestMatch": true
    },
    {
        "id": 290809954,
        "price": "0.06612600",
        "qty": "0.14600000",
        "quoteQty": "0.00965439",
        "time": 1629628399568,
        "isBuyerMaker": true,
        "isBestMatch": true
    },
    {
        "id": 290809955,
        "price": "0.06612700",
        "qty": "0.02100000",
        "quoteQty": "0.00138866",
        "time": 1629628401273,
        "isBuyerMaker": false,
        "isBestMatch": true
    },
    {
        "id": 290809956,
        "price": "0.06612600",
        "qty": "2.87800000",
        "quoteQty": "0.19031062",
        "time": 1629628401414,
        "isBuyerMaker": true,
        "isBestMatch": true
    },
    {
        "id": 290809957,
        "price": "0.06612600",
        "qty": "0.28500000",
        "quoteQty": "0.01884591",
        "time": 1629628401414,
        "isBuyerMaker": true,
        "isBestMatch": true
    },
    {
        "id": 290809958,
        "price": "0.06611300",
        "qty": "0.81700000",
        "quoteQty": "0.05401432",
        "time": 1629628401581,
        "isBuyerMaker": true,
        "isBestMatch": true
    },
    {
        "id": 290809959,
        "price": "0.06611200",
        "qty": "2.27400000",
        "quoteQty": "0.15033868",
        "time": 1629628401581,
        "isBuyerMaker": true,
        "isBestMatch": true
    },
    {
        "id": 290809960,
        "price": "0.06612000",
        "qty": "0.12100000",
        "quoteQty": "0.00800052",
        "time": 1629628402954,
        "isBuyerMaker": true,
        "isBestMatch": true
    },
    {
        "id": 290809961,
        "price": "0.06612100",
        "qty": "0.12100000",
        "quoteQty": "0.00800064",
        "time": 1629628404445,
        "isBuyerMaker": false,
        "isBestMatch": true
    },
    {
        "id": 290809962,
        "price": "0.06612200",
        "qty": "0.03100000",
        "quoteQty": "0.00204978",
        "time": 1629628406870,
        "isBuyerMaker": false,
        "isBestMatch": true
    },
    {
        "id": 290809963,
        "price": "0.06612000",
        "qty": "0.13100000",
        "quoteQty": "0.00866172",
        "time": 1629628409405,
        "isBuyerMaker": false,
        "isBestMatch": true
    },
    {
        "id": 290809964,
        "price": "0.06611400",
        "qty": "0.13000000",
        "quoteQty": "0.00859482",
        "time": 1629628410243,
        "isBuyerMaker": false,
        "isBestMatch": true
    },
    {
        "id": 290809965,
        "price": "0.06611400",
        "qty": "0.04500000",
        "quoteQty": "0.00297513",
        "time": 1629628412396,
        "isBuyerMaker": false,
        "isBestMatch": true
    },
    {
        "id": 290809966,
        "price": "0.06611400",
        "qty": "0.05200000",
        "quoteQty": "0.00343792",
        "time": 1629628412599,
        "isBuyerMaker": false,
        "isBestMatch": true
    },
    {
        "id": 290809967,
        "price": "0.06611400",
        "qty": "0.01000000",
        "quoteQty": "0.00066114",
        "time": 1629628412654,
        "isBuyerMaker": false,
        "isBestMatch": true
    },
    {
        "id": 290809968,
        "price": "0.06611400",
        "qty": "0.01000000",
        "quoteQty": "0.00066114",
        "time": 1629628414551,
        "isBuyerMaker": false,
        "isBestMatch": true
    },
    {
        "id": 290809969,
        "price": "0.06611400",
        "qty": "0.03400000",
        "quoteQty": "0.00224787",
        "time": 1629628414559,
        "isBuyerMaker": false,
        "isBestMatch": true
    },
    {
        "id": 290809970,
        "price": "0.06611400",
        "qty": "0.09000000",
        "quoteQty": "0.00595026",
        "time": 1629628414559,
        "isBuyerMaker": false,
        "isBestMatch": true
    },
    {
        "id": 290809971,
        "price": "0.06611400",
        "qty": "0.07200000",
        "quoteQty": "0.00476020",
        "time": 1629628414779,
        "isBuyerMaker": false,
        "isBestMatch": true
    },
    {
        "id": 290809972,
        "price": "0.06611300",
        "qty": "0.00300000",
        "quoteQty": "0.00019833",
        "time": 1629628414867,
        "isBuyerMaker": true,
        "isBestMatch": true
    },
    {
        "id": 290809973,
        "price": "0.06611300",
        "qty": "0.00600000",
        "quoteQty": "0.00039667",
        "time": 1629628414867,
        "isBuyerMaker": true,
        "isBestMatch": true
    },
    {
        "id": 290809974,
        "price": "0.06611400",
        "qty": "0.10000000",
        "quoteQty": "0.00661140",
        "time": 1629628419743,
        "isBuyerMaker": false,
        "isBestMatch": true
    },
    {
        "id": 290809975,
        "price": "0.06611300",
        "qty": "5.65700000",
        "quoteQty": "0.37400124",
        "time": 1629628420274,
        "isBuyerMaker": true,
        "isBestMatch": true
    },
    {
        "id": 290809976,
        "price": "0.06611300",
        "qty": "1.28800000",
        "quoteQty": "0.08515354",
        "time": 1629628420274,
        "isBuyerMaker": true,
        "isBestMatch": true
    },
    {
        "id": 290809977,
        "price": "0.06611300",
        "qty": "4.40000000",
        "quoteQty": "0.29089720",
        "time": 1629628420274,
        "isBuyerMaker": true,
        "isBestMatch": true
    },
    {
        "id": 290809978,
        "price": "0.06610200",
        "qty": "1.00000000",
        "quoteQty": "0.06610200",
        "time": 1629628420313,
        "isBuyerMaker": true,
        "isBestMatch": true
    },
    {
        "id": 290809979,
        "price": "0.06610000",
        "qty": "1.00000000",
        "quoteQty": "0.06610000",
        "time": 1629628420313,
        "isBuyerMaker": true,
        "isBestMatch": true
    },
    {
        "id": 290809980,
        "price": "0.06610000",
        "qty": "0.01000000",
        "quoteQty": "0.00066100",
        "time": 1629628420313,
        "isBuyerMaker": true,
        "isBestMatch": true
    },
    {
        "id": 290809981,
        "price": "0.06609900",
        "qty": "1.69800000",
        "quoteQty": "0.11223610",
        "time": 1629628420313,
        "isBuyerMaker": true,
        "isBestMatch": true
    },
    {
        "id": 290809982,
        "price": "0.06609800",
        "qty": "1.99500000",
        "quoteQty": "0.13186551",
        "time": 1629628420313,
        "isBuyerMaker": true,
        "isBestMatch": true
    },
    {
        "id": 290809983,
        "price": "0.06609800",
        "qty": "0.30600000",
        "quoteQty": "0.02022598",
        "time": 1629628420313,
        "isBuyerMaker": true,
        "isBestMatch": true
    },
    {
        "id": 290809984,
        "price": "0.06609400",
        "qty": "0.45400000",
        "quoteQty": "0.03000667",
        "time": 1629628420313,
        "isBuyerMaker": true,
        "isBestMatch": true
    },
    {
        "id": 290809985,
        "price": "0.06609400",
        "qty": "0.94900000",
        "quoteQty": "0.06272320",
        "time": 1629628420313,
        "isBuyerMaker": true,
        "isBestMatch": true
    },
    {
        "id": 290809986,
        "price": "0.06609400",
        "qty": "1.25400000",
        "quoteQty": "0.08288187",
        "time": 1629628420315,
        "isBuyerMaker": true,
        "isBestMatch": true
    },
    {
        "id": 290809987,
        "price": "0.06609300",
        "qty": "0.75600000",
        "quoteQty": "0.04996630",
        "time": 1629628420315,
        "isBuyerMaker": true,
        "isBestMatch": true
    },
    {
        "id": 290809988,
        "price": "0.06608700",
        "qty": "0.45900000",
        "quoteQty": "0.03033393",
        "time": 1629628420315,
        "isBuyerMaker": true,
        "isBestMatch": true
    },
    {
        "id": 290809989,
        "price": "0.06611300",
        "qty": "0.16400000",
        "quoteQty": "0.01084253",
        "time": 1629628420330,
        "isBuyerMaker": false,
        "isBestMatch": true
    },
    {
        "id": 290809990,
        "price": "0.06608500",
        "qty": "0.00400000",
        "quoteQty": "0.00026434",
        "time": 1629628420342,
        "isBuyerMaker": true,
        "isBestMatch": true
    },
    {
        "id": 290809991,
        "price": "0.06608500",
        "qty": "0.00400000",
        "quoteQty": "0.00026434",
        "time": 1629628420349,
        "isBuyerMaker": true,
        "isBestMatch": true
    },
    {
        "id": 290809992,
        "price": "0.06608900",
        "qty": "1.02200000",
        "quoteQty": "0.06754295",
        "time": 1629628420358,
        "isBuyerMaker": true,
        "isBestMatch": true
    },
    {
        "id": 290809993,
        "price": "0.06608900",
        "qty": "0.00400000",
        "quoteQty": "0.00026435",
        "time": 1629628420360,
        "isBuyerMaker": true,
        "isBestMatch": true
    },
    {
        "id": 290809994,
        "price": "0.06608900",
        "qty": "0.00400000",
        "quoteQty": "0.00026435",
        "time": 1629628420368,
        "isBuyerMaker": true,
        "isBestMatch": true
    },
    {
        "id": 290809995,
        "price": "0.06608900",
        "qty": "0.15300000",
        "quoteQty": "0.01011161",
        "time": 1629628420377,
        "isBuyerMaker": true,
        "isBestMatch": true
    },
    {
        "id": 290809996,
        "price": "0.06608900",
        "qty": "0.00400000",
        "quoteQty": "0.00026435",
        "time": 1629628420383,
        "isBuyerMaker": true,
        "isBestMatch": true
    },
    {
        "id": 290809997,
        "price": "0.06609700",
        "qty": "0.05600000",
        "quoteQty": "0.00370143",
        "time": 1629628420391,
        "isBuyerMaker": true,
        "isBestMatch": true
    },
    {
        "id": 290809998,
        "price": "0.06608900",
        "qty": "0.00700000",
        "quoteQty": "0.00046262",
        "time": 1629628420391,
        "isBuyerMaker": true,
        "isBestMatch": true
    },
    {
        "id": 290809999,
        "price": "0.06608900",
        "qty": "0.31900000",
        "quoteQty": "0.02108239",
        "time": 1629628420393,
        "isBuyerMaker": true,
        "isBestMatch": true
    },
    {
        "id": 290810000,
        "price": "0.06608900",
        "qty": "0.06300000",
        "quoteQty": "0.00416360",
        "time": 1629628420394,
        "isBuyerMaker": true,
        "isBestMatch": true
    },
    {
        "id": 290810001,
        "price": "0.06609500",
        "qty": "0.00400000",
        "quoteQty": "0.00026438",
        "time": 1629628420398,
        "isBuyerMaker": true,
        "isBestMatch": true
    },
    {
        "id": 290810002,
        "price": "0.06609400",
        "qty": "0.96900000",
        "quoteQty": "0.06404508",
        "time": 1629628420431,
        "isBuyerMaker": true,
        "isBestMatch": true
    },
    {
        "id": 290810003,
        "price": "0.06609400",
        "qty": "0.37800000",
        "quoteQty": "0.02498353",
        "time": 1629628420446,
        "isBuyerMaker": true,
        "isBestMatch": true
    },
    {
        "id": 290810004,
        "price": "0.06609500",
        "qty": "0.54600000",
        "quoteQty": "0.03608787",
        "time": 1629628420476,
        "isBuyerMaker": true,
        "isBestMatch": true
    },
    {
        "id": 290810005,
        "price": "0.06609500",
        "qty": "2.15400000",
        "quoteQty": "0.14236863",
        "time": 1629628420498,
        "isBuyerMaker": true,
        "isBestMatch": true
    },
    {
        "id": 290810006,
        "price": "0.06609500",
        "qty": "2.50000000",
        "quoteQty": "0.16523750",
        "time": 1629628420498,
        "isBuyerMaker": true,
        "isBestMatch": true
    },
    {
        "id": 290810007,
        "price": "0.06608600",
        "qty": "0.32700000",
        "quoteQty": "0.02161012",
        "time": 1629628420511,
        "isBuyerMaker": true,
        "isBestMatch": true
    },
    {
        "id": 290810008,
        "price": "0.06608700",
        "qty": "0.37400000",
        "quoteQty": "0.02471653",
        "time": 1629628420550,
        "isBuyerMaker": true,
        "isBestMatch": true
    },
    {
        "id": 290810009,
        "price": "0.06608800",
        "qty": "1.93200000",
        "quoteQty": "0.12768201",
        "time": 1629628421072,
        "isBuyerMaker": false,
        "isBestMatch": true
    },
    {
        "id": 290810010,
        "price": "0.06608800",
        "qty": "0.09200000",
        "quoteQty": "0.00608009",
        "time": 1629628421283,
        "isBuyerMaker": false,
        "isBestMatch": true
    },
    {
        "id": 290810011,
        "price": "0.06608700",
        "qty": "0.40000000",
        "quoteQty": "0.02643480",
        "time": 1629628421474,
        "isBuyerMaker": true,
        "isBestMatch": true
    },
    {
        "id": 290810012,
        "price": "0.06608800",
        "qty": "0.19500000",
        "quoteQty": "0.01288716",
        "time": 1629628422337,
        "isBuyerMaker": false,
        "isBestMatch": true
    },
    {
        "id": 290810013,
        "price": "0.06608700",
        "qty": "1.48300000",
        "quoteQty": "0.09800702",
        "time": 1629628423263,
        "isBuyerMaker": true,
        "isBestMatch": true
    },
    {
        "id": 290810014,
        "price": "0.06608700",
        "qty": "0.60500000",
        "quoteQty": "0.03998263",
        "time": 1629628423322,
        "isBuyerMaker": true,
        "isBestMatch": true
    },
    {
        "id": 290810015,
        "price": "0.06608700",
        "qty": "0.42000000",
        "quoteQty": "0.02775654",
        "time": 1629628423458,
        "isBuyerMaker": true,
        "isBestMatch": true
    },
    {
        "id": 290810016,
        "price": "0.06608800",
        "qty": "0.56200000",
        "quoteQty": "0.03714145",
        "time": 1629628423563,
        "isBuyerMaker": false,
        "isBestMatch": true
    },
    {
        "id": 290810017,
        "price": "0.06608800",
        "qty": "2.50000000",
        "quoteQty": "0.16522000",
        "time": 1629628423563,
        "isBuyerMaker": false,
        "isBestMatch": true
    },
    {
        "id": 290810018,
        "price": "0.06608800",
        "qty": "2.70000000",
        "quoteQty": "0.17843760",
        "time": 1629628423563,
        "isBuyerMaker": false,
        "isBestMatch": true
    },
    {
        "id": 290810019,
        "price": "0.06608800",
        "qty": "4.00000000",
        "quoteQty": "0.26435200",
        "time": 1629628423563,
        "isBuyerMaker": false,
        "isBestMatch": true
    },
    {
        "id": 290810020,
        "price": "0.06608800",
        "qty": "2.20000000",
        "quoteQty": "0.14539360",
        "time": 1629628423563,
        "isBuyerMaker": false,
        "isBestMatch": true
    },
    {
        "id": 290810021,
        "price": "0.06608800",
        "qty": "3.16900000",
        "quoteQty": "0.20943287",
        "time": 1629628423563,
        "isBuyerMaker": false,
        "isBestMatch": true
    },
    {
        "id": 290810022,
        "price": "0.06608700",
        "qty": "2.00000000",
        "quoteQty": "0.13217400",
        "time": 1629628426177,
        "isBuyerMaker": true,
        "isBestMatch": true
    },
    {
        "id": 290810023,
        "price": "0.06608700",
        "qty": "0.85100000",
        "quoteQty": "0.05624003",
        "time": 1629628427017,
        "isBuyerMaker": true,
        "isBestMatch": true
    },
    {
        "id": 290810024,
        "price": "0.06608700",
        "qty": "0.04600000",
        "quoteQty": "0.00304000",
        "time": 1629628428324,
        "isBuyerMaker": true,
        "isBestMatch": true
    },
    {
        "id": 290810025,
        "price": "0.06608800",
        "qty": "0.04900000",
        "quoteQty": "0.00323831",
        "time": 1629628428406,
        "isBuyerMaker": false,
        "isBestMatch": true
    },
    {
        "id": 290810026,
        "price": "0.06608700",
        "qty": "0.24700000",
        "quoteQty": "0.01632348",
        "time": 1629628429008,
        "isBuyerMaker": true,
        "isBestMatch": true
    },
    {
        "id": 290810027,
        "price": "0.06608400",
        "qty": "0.01500000",
        "quoteQty": "0.00099126",
        "time": 1629628429044,
        "isBuyerMaker": false,
        "isBestMatch": true
    },
    {
        "id": 290810028,
        "price": "0.06608400",
        "qty": "0.12500000",
        "quoteQty": "0.00826050",
        "time": 1629628429091,
        "isBuyerMaker": false,
        "isBestMatch": true
    },
    {
        "id": 290810029,
        "price": "0.06608400",
        "qty": "0.01000000",
        "quoteQty": "0.00066084",
        "time": 1629628429202,
        "isBuyerMaker": false,
        "isBestMatch": true
    },
    {
        "id": 290810030,
        "price": "0.06608700",
        "qty": "0.63800000",
        "quoteQty": "0.04216350",
        "time": 1629628430546,
        "isBuyerMaker": true,
        "isBestMatch": true
    },
    {
        "id": 290810031,
        "price": "0.06608700",
        "qty": "1.45400000",
        "quoteQty": "0.09609049",
        "time": 1629628430746,
        "isBuyerMaker": true,
        "isBestMatch": true
    },
    {
        "id": 290810032,
        "price": "0.06608800",
        "qty": "0.00400000",
        "quoteQty": "0.00026435",
        "time": 1629628430957,
        "isBuyerMaker": false,
        "isBestMatch": true
    },
    {
        "id": 290810033,
        "price": "0.06609900",
        "qty": "0.14100000",
        "quoteQty": "0.00931995",
        "time": 1629628434456,
        "isBuyerMaker": true,
        "isBestMatch": true
    },
    {
        "id": 290810034,
        "price": "0.06609900",
        "qty": "0.01200000",
        "quoteQty": "0.00079318",
        "time": 1629628434591,
        "isBuyerMaker": true,
        "isBestMatch": true
    },
    {
        "id": 290810035,
        "price": "0.06610000",
        "qty": "0.01800000",
        "quoteQty": "0.00118980",
        "time": 1629628435374,
        "isBuyerMaker": false,
        "isBestMatch": true
    },
    {
        "id": 290810036,
        "price": "0.06610200",
        "qty": "0.12300000",
        "quoteQty": "0.00813054",
        "time": 1629628437847,
        "isBuyerMaker": false,
        "isBestMatch": true
    },
    {
        "id": 290810037,
        "price": "0.06610200",
        "qty": "0.40900000",
        "quoteQty": "0.02703571",
        "time": 1629628437897,
        "isBuyerMaker": false,
        "isBestMatch": true
    },
    {
        "id": 290810038,
        "price": "0.06610300",
        "qty": "0.03000000",
        "quoteQty": "0.00198309",
        "time": 1629628437951,
        "isBuyerMaker": false,
        "isBestMatch": true
    },
    {
        "id": 290810039,
        "price": "0.06610000",
        "qty": "0.31500000",
        "quoteQty": "0.02082150",
        "time": 1629628442145,
        "isBuyerMaker": false,
        "isBestMatch": true
    },
    {
        "id": 290810040,
        "price": "0.06610200",
        "qty": "0.20500000",
        "quoteQty": "0.01355091",
        "time": 1629628442956,
        "isBuyerMaker": true,
        "isBestMatch": true
    },
    {
        "id": 290810041,
        "price": "0.06610300",
        "qty": "0.00200000",
        "quoteQty": "0.00013220",
        "time": 1629628445050,
        "isBuyerMaker": false,
        "isBestMatch": true
    },
    {
        "id": 290810042,
        "price": "0.06610200",
        "qty": "0.70400000",
        "quoteQty": "0.04653580",
        "time": 1629628445160,
        "isBuyerMaker": true,
        "isBestMatch": true
    },
    {
        "id": 290810043,
        "price": "0.06610200",
        "qty": "0.04200000",
        "quoteQty": "0.00277628",
        "time": 1629628445457,
        "isBuyerMaker": true,
        "isBestMatch": true
    },
    {
        "id": 290810044,
        "price": "0.06610300",
        "qty": "0.30200000",
        "quoteQty": "0.01996310",
        "time": 1629628445466,
        "isBuyerMaker": false,
        "isBestMatch": true
    },
    {
        "id": 290810045,
        "price": "0.06609100",
        "qty": "0.19000000",
        "quoteQty": "0.01255729",
        "time": 1629628446248,
        "isBuyerMaker": false,
        "isBestMatch": true
    },
    {
        "id": 290810046,
        "price": "0.06609400",
        "qty": "0.01000000",
        "quoteQty": "0.00066094",
        "time": 1629628446646,
        "isBuyerMaker": false,
        "isBestMatch": true
    },
    {
        "id": 290810047,
        "price": "0.06609300",
        "qty": "0.42500000",
        "quoteQty": "0.02808952",
        "time": 1629628447143,
        "isBuyerMaker": false,
        "isBestMatch": true
    },
    {
        "id": 290810048,
        "price": "0.06610100",
        "qty": "1.91300000",
        "quoteQty": "0.12645121",
        "time": 1629628450749,
        "isBuyerMaker": false,
        "isBestMatch": true
    },
    {
        "id": 290810049,
        "price": "0.06610300",
        "qty": "0.13900000",
        "quoteQty": "0.00918831",
        "time": 1629628450852,
        "isBuyerMaker": false,
        "isBestMatch": true
    },
    {
        "id": 290810050,
        "price": "0.06610300",
        "qty": "0.06900000",
        "quoteQty": "0.00456110",
        "time": 1629628450852,
        "isBuyerMaker": false,
        "isBestMatch": true
    },
    {
        "id": 290810051,
        "price": "0.06610300",
        "qty": "0.03000000",
        "quoteQty": "0.00198309",
        "time": 1629628451001,
        "isBuyerMaker": false,
        "isBestMatch": true
    },
    {
        "id": 290810052,
        "price": "0.06610300",
        "qty": "0.03100000",
        "quoteQty": "0.00204919",
        "time": 1629628451202,
        "isBuyerMaker": false,
        "isBestMatch": true
    },
    {
        "id": 290810053,
        "price": "0.06610300",
        "qty": "0.04800000",
        "quoteQty": "0.00317294",
        "time": 1629628451447,
        "isBuyerMaker": false,
        "isBestMatch": true
    },
    {
        "id": 290810054,
        "price": "0.06610200",
        "qty": "0.09300000",
        "quoteQty": "0.00614748",
        "time": 1629628451508,
        "isBuyerMaker": true,
        "isBestMatch": true
    },
    {
        "id": 290810055,
        "price": "0.06610300",
        "qty": "0.03000000",
        "quoteQty": "0.00198309",
        "time": 1629628451801,
        "isBuyerMaker": false,
        "isBestMatch": true
    },
    {
        "id": 290810056,
        "price": "0.06610300",
        "qty": "0.03000000",
        "quoteQty": "0.00198309",
        "time": 1629628452000,
        "isBuyerMaker": false,
        "isBestMatch": true
    },
    {
        "id": 290810057,
        "price": "0.06610300",
        "qty": "0.01200000",
        "quoteQty": "0.00079323",
        "time": 1629628452147,
        "isBuyerMaker": false,
        "isBestMatch": true
    },
    {
        "id": 290810058,
        "price": "0.06610300",
        "qty": "0.04800000",
        "quoteQty": "0.00317294",
        "time": 1629628452195,
        "isBuyerMaker": false,
        "isBestMatch": true
    },
    {
        "id": 290810059,
        "price": "0.06610200",
        "qty": "0.00800000",
        "quoteQty": "0.00052881",
        "time": 1629628452264,
        "isBuyerMaker": true,
        "isBestMatch": true
    },
    {
        "id": 290810060,
        "price": "0.06610200",
        "qty": "0.05100000",
        "quoteQty": "0.00337120",
        "time": 1629628453458,
        "isBuyerMaker": true,
        "isBestMatch": true
    },
    {
        "id": 290810061,
        "price": "0.06610200",
        "qty": "3.01400000",
        "quoteQty": "0.19923142",
        "time": 1629628454063,
        "isBuyerMaker": true,
        "isBestMatch": true
    },
    {
        "id": 290810062,
        "price": "0.06610200",
        "qty": "0.21100000",
        "quoteQty": "0.01394752",
        "time": 1629628454411,
        "isBuyerMaker": true,
        "isBestMatch": true
    },
    {
        "id": 290810063,
        "price": "0.06610200",
        "qty": "1.15700000",
        "quoteQty": "0.07648001",
        "time": 1629628454757,
        "isBuyerMaker": true,
        "isBestMatch": true
    },
    {
        "id": 290810064,
        "price": "0.06610000",
        "qty": "0.47300000",
        "quoteQty": "0.03126530",
        "time": 1629628456247,
        "isBuyerMaker": false,
        "isBestMatch": true
    },
    {
        "id": 290810065,
        "price": "0.06610000",
        "qty": "2.27200000",
        "quoteQty": "0.15017920",
        "time": 1629628456247,
        "isBuyerMaker": false,
        "isBestMatch": true
    },
    {
        "id": 290810066,
        "price": "0.06610300",
        "qty": "0.45900000",
        "quoteQty": "0.03034127",
        "time": 1629628456294,
        "isBuyerMaker": false,
        "isBestMatch": true
    },
    {
        "id": 290810067,
        "price": "0.06610300",
        "qty": "0.00300000",
        "quoteQty": "0.00019830",
        "time": 1629628456294,
        "isBuyerMaker": false,
        "isBestMatch": true
    },
    {
        "id": 290810068,
        "price": "0.06610300",
        "qty": "0.41200000",
        "quoteQty": "0.02723443",
        "time": 1629628456349,
        "isBuyerMaker": false,
        "isBestMatch": true
    },
    {
        "id": 290810069,
        "price": "0.06610300",
        "qty": "1.23200000",
        "quoteQty": "0.08143889",
        "time": 1629628456445,
        "isBuyerMaker": false,
        "isBestMatch": true
    },
    {
        "id": 290810070,
        "price": "0.06610300",
        "qty": "0.09300000",
        "quoteQty": "0.00614757",
        "time": 1629628456491,
        "isBuyerMaker": false,
        "isBestMatch": true
    },
    {
        "id": 290810071,
        "price": "0.06610300",
        "qty": "1.02500000",
        "quoteQty": "0.06775557",
        "time": 1629628456695,
        "isBuyerMaker": false,
        "isBestMatch": true
    },
    {
        "id": 290810072,
        "price": "0.06610300",
        "qty": "2.33800000",
        "quoteQty": "0.15454881",
        "time": 1629628456896,
        "isBuyerMaker": false,
        "isBestMatch": true
    },
    {
        "id": 290810073,
        "price": "0.06610300",
        "qty": "0.59300000",
        "quoteQty": "0.03919907",
        "time": 1629628456896,
        "isBuyerMaker": false,
        "isBestMatch": true
    },
    {
        "id": 290810074,
        "price": "0.06610200",
        "qty": "2.00000000",
        "quoteQty": "0.13220400",
        "time": 1629628457002,
        "isBuyerMaker": true,
        "isBestMatch": true
    },
    {
        "id": 290810075,
        "price": "0.06610200",
        "qty": "0.46600000",
        "quoteQty": "0.03080353",
        "time": 1629628457110,
        "isBuyerMaker": true,
        "isBestMatch": true
    },
    {
        "id": 290810076,
        "price": "0.06610200",
        "qty": "0.02700000",
        "quoteQty": "0.00178475",
        "time": 1629628457686,
        "isBuyerMaker": true,
        "isBestMatch": true
    },
    {
        "id": 290810077,
        "price": "0.06610200",
        "qty": "3.12600000",
        "quoteQty": "0.20663485",
        "time": 1629628457905,
        "isBuyerMaker": true,
        "isBestMatch": true
    },
    {
        "id": 290810078,
        "price": "0.06610200",
        "qty": "0.87400000",
        "quoteQty": "0.05777314",
        "time": 1629628457956,
        "isBuyerMaker": true,
        "isBestMatch": true
    },
    {
        "id": 290810079,
        "price": "0.06610300",
        "qty": "0.33400000",
        "quoteQty": "0.02207840",
        "time": 1629628458176,
        "isBuyerMaker": false,
        "isBestMatch": true
    },
    {
        "id": 290810080,
        "price": "0.06610300",
        "qty": "0.33400000",
        "quoteQty": "0.02207840",
        "time": 1629628460175,
        "isBuyerMaker": false,
        "isBestMatch": true
    },
    {
        "id": 290810081,
        "price": "0.06610300",
        "qty": "0.33400000",
        "quoteQty": "0.02207840",
        "time": 1629628461178,
        "isBuyerMaker": false,
        "isBestMatch": true
    },
    {
        "id": 290810082,
        "price": "0.06609800",
        "qty": "0.07800000",
        "quoteQty": "0.00515564",
        "time": 1629628462649,
        "isBuyerMaker": false,
        "isBestMatch": true
    },
    {
        "id": 290810083,
        "price": "0.06609800",
        "qty": "0.96600000",
        "quoteQty": "0.06385066",
        "time": 1629628462692,
        "isBuyerMaker": false,
        "isBestMatch": true
    },
    {
        "id": 290810084,
        "price": "0.06609800",
        "qty": "0.01300000",
        "quoteQty": "0.00085927",
        "time": 1629628465752,
        "isBuyerMaker": false,
        "isBestMatch": true
    },
    {
        "id": 290810085,
        "price": "0.06609800",
        "qty": "0.01900000",
        "quoteQty": "0.00125586",
        "time": 1629628466797,
        "isBuyerMaker": false,
        "isBestMatch": true
    },
    {
        "id": 290810086,
        "price": "0.06609800",
        "qty": "0.02800000",
        "quoteQty": "0.00185074",
        "time": 1629628467433,
        "isBuyerMaker": false,
        "isBestMatch": true
    },
    {
        "id": 290810087,
        "price": "0.06610800",
        "qty": "0.47300000",
        "quoteQty": "0.03126908",
        "time": 1629628472899,
        "isBuyerMaker": false,
        "isBestMatch": true
    },
    {
        "id": 290810088,
        "price": "0.06611100",
        "qty": "3.18700000",
        "quoteQty": "0.21069575",
        "time": 1629628473861,
        "isBuyerMaker": true,
        "isBestMatch": true
    },
    {
        "id": 290810089,
        "price": "0.06611100",
        "qty": "2.64600000",
        "quoteQty": "0.17492970",
        "time": 1629628473907,
        "isBuyerMaker": true,
        "isBestMatch": true
    },
    {
        "id": 290810090,
        "price": "0.06610200",
        "qty": "0.01800000",
        "quoteQty": "0.00118983",
        "time": 1629628474069,
        "isBuyerMaker": true,
        "isBestMatch": true
    },
    {
        "id": 290810091,
        "price": "0.06610300",
        "qty": "0.06100000",
        "quoteQty": "0.00403228",
        "time": 1629628474088,
        "isBuyerMaker": false,
        "isBestMatch": true
    },
    {
        "id": 290810092,
        "price": "0.06609500",
        "qty": "0.00200000",
        "quoteQty": "0.00013219",
        "time": 1629628478710,
        "isBuyerMaker": false,
        "isBestMatch": true
    },
    {
        "id": 290810093,
        "price": "0.06609500",
        "qty": "0.30200000",
        "quoteQty": "0.01996069",
        "time": 1629628481557,
        "isBuyerMaker": false,
        "isBestMatch": true
    },
    {
        "id": 290810094,
        "price": "0.06609400",
        "qty": "0.11800000",
        "quoteQty": "0.00779909",
        "time": 1629628482559,
        "isBuyerMaker": true,
        "isBestMatch": true
    },
    {
        "id": 290810095,
        "price": "0.06609100",
        "qty": "0.25300000",
        "quoteQty": "0.01672102",
        "time": 1629628485182,
        "isBuyerMaker": true,
        "isBestMatch": true
    },
    {
        "id": 290810096,
        "price": "0.06609400",
        "qty": "2.00000000",
        "quoteQty": "0.13218800",
        "time": 1629628486801,
        "isBuyerMaker": true,
        "isBestMatch": true
    },
    {
        "id": 290810097,
        "price": "0.06609300",
        "qty": "0.00200000",
        "quoteQty": "0.00013218",
        "time": 1629628489972,
        "isBuyerMaker": false,
        "isBestMatch": true
    },
    {
        "id": 290810098,
        "price": "0.06609500",
        "qty": "0.00200000",
        "quoteQty": "0.00013219",
        "time": 1629628494476,
        "isBuyerMaker": false,
        "isBestMatch": true
    },
    {
        "id": 290810099,
        "price": "0.06609500",
        "qty": "0.19800000",
        "quoteQty": "0.01308681",
        "time": 1629628494476,
        "isBuyerMaker": false,
        "isBestMatch": true
    },
    {
        "id": 290810100,
        "price": "0.06609400",
        "qty": "0.10600000",
        "quoteQty": "0.00700596",
        "time": 1629628494651,
        "isBuyerMaker": true,
        "isBestMatch": true
    },
    {
        "id": 290810101,
        "price": "0.06609400",
        "qty": "2.39400000",
        "quoteQty": "0.15822903",
        "time": 1629628496008,
        "isBuyerMaker": true,
        "isBestMatch": true
    },
    {
        "id": 290810102,
        "price": "0.06609400",
        "qty": "0.61100000",
        "quoteQty": "0.04038343",
        "time": 1629628496008,
        "isBuyerMaker": true,
        "isBestMatch": true
    },
    {
        "id": 290810103,
        "price": "0.06609400",
        "qty": "0.37800000",
        "quoteQty": "0.02498353",
        "time": 1629628496050,
        "isBuyerMaker": true,
        "isBestMatch": true
    },
    {
        "id": 290810104,
        "price": "0.06609000",
        "qty": "0.01800000",
        "quoteQty": "0.00118962",
        "time": 1629628496151,
        "isBuyerMaker": true,
        "isBestMatch": true
    },
    {
        "id": 290810105,
        "price": "0.06609000",
        "qty": "0.08400000",
        "quoteQty": "0.00555156",
        "time": 1629628496151,
        "isBuyerMaker": true,
        "isBestMatch": true
    },
    {
        "id": 290810106,
        "price": "0.06609000",
        "qty": "0.01900000",
        "quoteQty": "0.00125571",
        "time": 1629628496531,
        "isBuyerMaker": true,
        "isBestMatch": true
    },
    {
        "id": 290810107,
        "price": "0.06609000",
        "qty": "0.01000000",
        "quoteQty": "0.00066090",
        "time": 1629628498043,
        "isBuyerMaker": true,
        "isBestMatch": true
    },
    {
        "id": 290810108,
        "price": "0.06609100",
        "qty": "0.07600000",
        "quoteQty": "0.00502291",
        "time": 1629628502928,
        "isBuyerMaker": false,
        "isBestMatch": true
    },
    {
        "id": 290810109,
        "price": "0.06608600",
        "qty": "0.18100000",
        "quoteQty": "0.01196156",
        "time": 1629628505991,
        "isBuyerMaker": false,
        "isBestMatch": true
    },
    {
        "id": 290810110,
        "price": "0.06608600",
        "qty": "0.18100000",
        "quoteQty": "0.01196156",
        "time": 1629628505991,
        "isBuyerMaker": false,
        "isBestMatch": true
    },
    {
        "id": 290810111,
        "price": "0.06608500",
        "qty": "0.00200000",
        "quoteQty": "0.00013217",
        "time": 1629628510655,
        "isBuyerMaker": true,
        "isBestMatch": true
    },
    {
        "id": 290810112,
        "price": "0.06608500",
        "qty": "0.02600000",
        "quoteQty": "0.00171821",
        "time": 1629628515191,
        "isBuyerMaker": true,
        "isBestMatch": true
    },
    {
        "id": 290810113,
        "price": "0.06608500",
        "qty": "0.04800000",
        "quoteQty": "0.00317208",
        "time": 1629628515653,
        "isBuyerMaker": true,
        "isBestMatch": true
    },
    {
        "id": 290810114,
        "price": "0.06608500",
        "qty": "0.01800000",
        "quoteQty": "0.00118953",
        "time": 1629628522883,
        "isBuyerMaker": true,
        "isBestMatch": true
    },
    {
        "id": 290810115,
        "price": "0.06608600",
        "qty": "0.01700000",
        "quoteQty": "0.00112346",
        "time": 1629628528630,
        "isBuyerMaker": false,
        "isBestMatch": true
    },
    {
        "id": 290810116,
        "price": "0.06608500",
        "qty": "0.12200000",
        "quoteQty": "0.00806237",
        "time": 1629628535127,
        "isBuyerMaker": true,
        "isBestMatch": true
    },
    {
        "id": 290810117,
        "price": "0.06608600",
        "qty": "0.12100000",
        "quoteQty": "0.00799640",
        "time": 1629628535397,
        "isBuyerMaker": false,
        "isBestMatch": true
    },
    {
        "id": 290810118,
        "price": "0.06608600",
        "qty": "0.15100000",
        "quoteQty": "0.00997898",
        "time": 1629628535750,
        "isBuyerMaker": false,
        "isBestMatch": true
    },
    {
        "id": 290810119,
        "price": "0.06608600",
        "qty": "0.00400000",
        "quoteQty": "0.00026434",
        "time": 1629628536394,
        "isBuyerMaker": false,
        "isBestMatch": true
    },
    {
        "id": 290810120,
        "price": "0.06608600",
        "qty": "0.21800000",
        "quoteQty": "0.01440674",
        "time": 1629628536521,
        "isBuyerMaker": false,
        "isBestMatch": true
    },
    {
        "id": 290810121,
        "price": "0.06609400",
        "qty": "0.01800000",
        "quoteQty": "0.00118969",
        "time": 1629628536941,
        "isBuyerMaker": true,
        "isBestMatch": true
    },
    {
        "id": 290810122,
        "price": "0.06609500",
        "qty": "3.24600000",
        "quoteQty": "0.21454437",
        "time": 1629628540635,
        "isBuyerMaker": true,
        "isBestMatch": true
    },
    {
        "id": 290810123,
        "price": "0.06609500",
        "qty": "0.02700000",
        "quoteQty": "0.00178456",
        "time": 1629628540720,
        "isBuyerMaker": true,
        "isBestMatch": true
    },
    {
        "id": 290810124,
        "price": "0.06609500",
        "qty": "0.01100000",
        "quoteQty": "0.00072704",
        "time": 1629628541001,
        "isBuyerMaker": true,
        "isBestMatch": true
    },
    {
        "id": 290810125,
        "price": "0.06609500",
        "qty": "2.48800000",
        "quoteQty": "0.16444436",
        "time": 1629628541330,
        "isBuyerMaker": true,
        "isBestMatch": true
    },
    {
        "id": 290810126,
        "price": "0.06609000",
        "qty": "0.12100000",
        "quoteQty": "0.00799689",
        "time": 1629628542101,
        "isBuyerMaker": true,
        "isBestMatch": true
    },
    {
        "id": 290810127,
        "price": "0.06609000",
        "qty": "0.70500000",
        "quoteQty": "0.04659345",
        "time": 1629628545324,
        "isBuyerMaker": true,
        "isBestMatch": true
    },
    {
        "id": 290810128,
        "price": "0.06609000",
        "qty": "0.01200000",
        "quoteQty": "0.00079308",
        "time": 1629628545787,
        "isBuyerMaker": true,
        "isBestMatch": true
    },
    {
        "id": 290810129,
        "price": "0.06609000",
        "qty": "1.86800000",
        "quoteQty": "0.12345612",
        "time": 1629628546160,
        "isBuyerMaker": true,
        "isBestMatch": true
    },
    {
        "id": 290810130,
        "price": "0.06609000",
        "qty": "0.13200000",
        "quoteQty": "0.00872388",
        "time": 1629628546160,
        "isBuyerMaker": true,
        "isBestMatch": true
    },
    {
        "id": 290810131,
        "price": "0.06609100",
        "qty": "0.17100000",
        "quoteQty": "0.01130156",
        "time": 1629628546696,
        "isBuyerMaker": false,
        "isBestMatch": true
    },
    {
        "id": 290810132,
        "price": "0.06609400",
        "qty": "0.06900000",
        "quoteQty": "0.00456048",
        "time": 1629628547143,
        "isBuyerMaker": true,
        "isBestMatch": true
    },
    {
        "id": 290810133,
        "price": "0.06609500",
        "qty": "0.03000000",
        "quoteQty": "0.00198285",
        "time": 1629628547337,
        "isBuyerMaker": false,
        "isBestMatch": true
    },
    {
        "id": 290810134,
        "price": "0.06609500",
        "qty": "0.44300000",
        "quoteQty": "0.02928008",
        "time": 1629628551245,
        "isBuyerMaker": false,
        "isBestMatch": true
    },
    {
        "id": 290810135,
        "price": "0.06609900",
        "qty": "0.29400000",
        "quoteQty": "0.01943310",
        "time": 1629628551305,
        "isBuyerMaker": true,
        "isBestMatch": true
    },
    {
        "id": 290810136,
        "price": "0.06609900",
        "qty": "0.02300000",
        "quoteQty": "0.00152027",
        "time": 1629628551936,
        "isBuyerMaker": true,
        "isBestMatch": true
    },
    {
        "id": 290810137,
        "price": "0.06610000",
        "qty": "0.00600000",
        "quoteQty": "0.00039660",
        "time": 1629628552459,
        "isBuyerMaker": false,
        "isBestMatch": true
    },
    {
        "id": 290810138,
        "price": "0.06610000",
        "qty": "0.10600000",
        "quoteQty": "0.00700660",
        "time": 1629628552459,
        "isBuyerMaker": false,
        "isBestMatch": true
    },
    {
        "id": 290810139,
        "price": "0.06610400",
        "qty": "0.02400000",
        "quoteQty": "0.00158649",
        "time": 1629628553407,
        "isBuyerMaker": true,
        "isBestMatch": true
    },
    {
        "id": 290810140,
        "price": "0.06610500",
        "qty": "0.08600000",
        "quoteQty": "0.00568503",
        "time": 1629628553677,
        "isBuyerMaker": true,
        "isBestMatch": true
    },
    {
        "id": 290810141,
        "price": "0.06610500",
        "qty": "0.03300000",
        "quoteQty": "0.00218146",
        "time": 1629628553813,
        "isBuyerMaker": true,
        "isBestMatch": true
    },
    {
        "id": 290810142,
        "price": "0.06610500",
        "qty": "0.01700000",
        "quoteQty": "0.00112378",
        "time": 1629628553869,
        "isBuyerMaker": true,
        "isBestMatch": true
    },
    {
        "id": 290810143,
        "price": "0.06610500",
        "qty": "0.00800000",
        "quoteQty": "0.00052884",
        "time": 1629628558924,
        "isBuyerMaker": true,
        "isBestMatch": true
    },
    {
        "id": 290810144,
        "price": "0.06610500",
        "qty": "2.19200000",
        "quoteQty": "0.14490216",
        "time": 1629628559331,
        "isBuyerMaker": true,
        "isBestMatch": true
    },
    {
        "id": 290810145,
        "price": "0.06610500",
        "qty": "0.40400000",
        "quoteQty": "0.02670642",
        "time": 1629628559331,
        "isBuyerMaker": true,
        "isBestMatch": true
    },
    {
        "id": 290810146,
        "price": "0.06610300",
        "qty": "2.86800000",
        "quoteQty": "0.18958340",
        "time": 1629628559543,
        "isBuyerMaker": false,
        "isBestMatch": true
    },
    {
        "id": 290810147,
        "price": "0.06610300",
        "qty": "1.05400000",
        "quoteQty": "0.06967256",
