[
    {
        "id": 1841877,
        "price": "0.00216400",
        "qty": "46.00000000",
        "quoteQty": "0.09954400",
        "time": 1629969871785,
        "isBuyerMaker": false,
        "isBestMatch": true
    },
    {
        "id": 1841878,
        "price": "0.00216300",
        "qty": "46.00000000",
        "quoteQty": "0.09949800",
        "time": 1629969903081,
        "isBuyerMaker": true,
        "isBestMatch": true
    },
    {
        "id": 1841879,
        "price": "0.00216100",
        "qty": "46.00000000",
        "quoteQty": "0.09940600",
        "time": 1629969924969,
        "isBuyerMaker": true,
        "isBestMatch": true
    },
    {
        "id": 1841880,
        "price": "0.00216200",
        "qty": "46.00000000",
        "quoteQty": "0.09945200",
        "time": 1629969956483,
        "isBuyerMaker": true,
        "isBestMatch": true
    },
    {
        "id": 1841881,
        "price": "0.00216300",
        "qty": "46.00000000",
        "quoteQty": "0.09949800",
        "time": 1629969978364,
        "isBuyerMaker": true,
        "isBestMatch": true
    },
    {
        "id": 1841882,
        "price": "0.00216200",
        "qty": "46.00000000",
        "quoteQty": "0.09945200",
        "time": 1629970006467,
        "isBuyerMaker": true,
        "isBestMatch": true
    },
    {
        "id": 1841883,
        "price": "0.00216100",
        "qty": "10.00000000",
        "quoteQty": "0.02161000",
        "time": 1629970015961,
        "isBuyerMaker": true,
        "isBestMatch": true
    },
    {
        "id": 1841884,
        "price": "0.00216100",
        "qty": "46.00000000",
        "quoteQty": "0.09940600",
        "time": 1629970015961,
        "isBuyerMaker": true,
        "isBestMatch": true
    },
    {
        "id": 1841885,
        "price": "0.00216100",
        "qty": "105.00000000",
        "quoteQty": "0.22690500",
        "time": 1629970015961,
        "isBuyerMaker": true,
        "isBestMatch": true
    },
    {
        "id": 1841886,
        "price": "0.00216100",
        "qty": "19.00000000",
        "quoteQty": "0.04105900",
        "time": 1629970017091,
        "isBuyerMaker": true,
        "isBestMatch": true
    },
    {
        "id": 1841887,
        "price": "0.00216000",
        "qty": "53.00000000",
        "quoteQty": "0.11448000",
        "time": 1629970031450,
        "isBuyerMaker": false,
        "isBestMatch": true
    },
    {
        "id": 1841888,
        "price": "0.00216000",
        "qty": "46.00000000",
        "quoteQty": "0.09936000",
        "time": 1629970075555,
        "isBuyerMaker": true,
        "isBestMatch": true
    },
    {
        "id": 1841889,
        "price": "0.00215800",
        "qty": "46.00000000",
        "quoteQty": "0.09926800",
        "time": 1629970113278,
        "isBuyerMaker": true,
        "isBestMatch": true
    },
    {
        "id": 1841890,
        "price": "0.00215700",
        "qty": "141.00000000",
        "quoteQty": "0.30413700",
        "time": 1629970144768,
        "isBuyerMaker": false,
        "isBestMatch": true
    },
    {
        "id": 1841891,
        "price": "0.00215700",
        "qty": "1749.00000000",
        "quoteQty": "3.77259300",
        "time": 1629970144768,
        "isBuyerMaker": false,
        "isBestMatch": true
    },
    {
        "id": 1841892,
        "price": "0.00215800",
        "qty": "46.00000000",
        "quoteQty": "0.09926800",
        "time": 1629970150810,
        "isBuyerMaker": false,
        "isBestMatch": true
    },
    {
        "id": 1841893,
        "price": "0.00216000",
        "qty": "46.00000000",
        "quoteQty": "0.09936000",
        "time": 1629970167871,
        "isBuyerMaker": false,
        "isBestMatch": true
    },
    {
        "id": 1841894,
        "price": "0.00216400",
        "qty": "42.00000000",
        "quoteQty": "0.09088800",
        "time": 1629970167879,
        "isBuyerMaker": false,
        "isBestMatch": true
    },
    {
        "id": 1841895,
        "price": "0.00216500",
        "qty": "368.00000000",
        "quoteQty": "0.79672000",
        "time": 1629970167900,
        "isBuyerMaker": false,
        "isBestMatch": true
    },
    {
        "id": 1841896,
        "price": "0.00216500",
        "qty": "1551.00000000",
        "quoteQty": "3.35791500",
        "time": 1629970167900,
        "isBuyerMaker": false,
        "isBestMatch": true
    },
    {
        "id": 1841897,
        "price": "0.00216400",
        "qty": "46.00000000",
        "quoteQty": "0.09954400",
        "time": 1629970182587,
        "isBuyerMaker": false,
        "isBestMatch": true
    },
    {
        "id": 1841898,
        "price": "0.00217600",
        "qty": "1696.00000000",
        "quoteQty": "3.69049600",
        "time": 1629970213098,
        "isBuyerMaker": false,
        "isBestMatch": true
    },
    {
        "id": 1841899,
        "price": "0.00217800",
        "qty": "32.00000000",
        "quoteQty": "0.06969600",
        "time": 1629970213956,
        "isBuyerMaker": false,
        "isBestMatch": true
    },
    {
        "id": 1841900,
        "price": "0.00217800",
        "qty": "34.60000000",
        "quoteQty": "0.07535880",
        "time": 1629970213956,
        "isBuyerMaker": false,
        "isBestMatch": true
    },
    {
        "id": 1841901,
        "price": "0.00217000",
        "qty": "46.00000000",
        "quoteQty": "0.09982000",
        "time": 1629970214712,
        "isBuyerMaker": true,
        "isBestMatch": true
    },
    {
        "id": 1841902,
        "price": "0.00217900",
        "qty": "81.10000000",
        "quoteQty": "0.17671690",
        "time": 1629970217658,
        "isBuyerMaker": false,
        "isBestMatch": true
    },
    {
        "id": 1841903,
        "price": "0.00218000",
        "qty": "260.00000000",
        "quoteQty": "0.56680000",
        "time": 1629970218091,
        "isBuyerMaker": false,
        "isBestMatch": true
    },
    {
        "id": 1841904,
        "price": "0.00218000",
        "qty": "41.00000000",
        "quoteQty": "0.08938000",
        "time": 1629970218091,
        "isBuyerMaker": false,
        "isBestMatch": true
    },
    {
        "id": 1841905,
        "price": "0.00218500",
        "qty": "25.00000000",
        "quoteQty": "0.05462500",
        "time": 1629970234206,
        "isBuyerMaker": false,
        "isBestMatch": true
    },
    {
        "id": 1841906,
        "price": "0.00218300",
        "qty": "46.00000000",
        "quoteQty": "0.10041800",
        "time": 1629970246704,
        "isBuyerMaker": false,
        "isBestMatch": true
    },
    {
        "id": 1841907,
        "price": "0.00218300",
        "qty": "46.00000000",
        "quoteQty": "0.10041800",
        "time": 1629970256085,
        "isBuyerMaker": true,
        "isBestMatch": true
    },
    {
        "id": 1841908,
        "price": "0.00218300",
        "qty": "46.00000000",
        "quoteQty": "0.10041800",
        "time": 1629970287951,
        "isBuyerMaker": true,
        "isBestMatch": true
    },
    {
        "id": 1841909,
        "price": "0.00218300",
        "qty": "46.00000000",
        "quoteQty": "0.10041800",
        "time": 1629970328882,
        "isBuyerMaker": true,
        "isBestMatch": true
    },
    {
        "id": 1841910,
        "price": "0.00218200",
        "qty": "46.00000000",
        "quoteQty": "0.10037200",
        "time": 1629970350976,
        "isBuyerMaker": true,
        "isBestMatch": true
    },
    {
        "id": 1841911,
        "price": "0.00217800",
        "qty": "27.00000000",
        "quoteQty": "0.05880600",
        "time": 1629970373701,
        "isBuyerMaker": true,
        "isBestMatch": true
    },
    {
        "id": 1841912,
        "price": "0.00218300",
        "qty": "46.00000000",
        "quoteQty": "0.10041800",
        "time": 1629970385591,
        "isBuyerMaker": true,
        "isBestMatch": true
    },
    {
        "id": 1841913,
        "price": "0.00219000",
        "qty": "46.00000000",
        "quoteQty": "0.10074000",
        "time": 1629970416866,
        "isBuyerMaker": false,
        "isBestMatch": true
    },
    {
        "id": 1841914,
        "price": "0.00219700",
        "qty": "80.00000000",
        "quoteQty": "0.17576000",
        "time": 1629970439551,
        "isBuyerMaker": true,
        "isBestMatch": true
    },
    {
        "id": 1841915,
        "price": "0.00219900",
        "qty": "178.00000000",
        "quoteQty": "0.39142200",
        "time": 1629970440642,
        "isBuyerMaker": false,
        "isBestMatch": true
    },
    {
        "id": 1841916,
        "price": "0.00219900",
        "qty": "0.40000000",
        "quoteQty": "0.00087960",
        "time": 1629970440642,
        "isBuyerMaker": false,
        "isBestMatch": true
    },
    {
        "id": 1841917,
        "price": "0.00219900",
        "qty": "46.00000000",
        "quoteQty": "0.10115400",
        "time": 1629970442060,
        "isBuyerMaker": true,
        "isBestMatch": true
    },
    {
        "id": 1841918,
        "price": "0.00219800",
        "qty": "694.00000000",
        "quoteQty": "1.52541200",
        "time": 1629970450501,
        "isBuyerMaker": true,
        "isBestMatch": true
    },
    {
        "id": 1841919,
        "price": "0.00220300",
        "qty": "28.00000000",
        "quoteQty": "0.06168400",
        "time": 1629970458931,
        "isBuyerMaker": false,
        "isBestMatch": true
    },
    {
        "id": 1841920,
        "price": "0.00220000",
        "qty": "46.00000000",
        "quoteQty": "0.10120000",
        "time": 1629970470520,
        "isBuyerMaker": false,
        "isBestMatch": true
    },
    {
        "id": 1841921,
        "price": "0.00220700",
        "qty": "105.00000000",
        "quoteQty": "0.23173500",
        "time": 1629970495169,
        "isBuyerMaker": false,
        "isBestMatch": true
    },
    {
        "id": 1841922,
        "price": "0.00221000",
        "qty": "81.10000000",
        "quoteQty": "0.17923100",
        "time": 1629970495471,
        "isBuyerMaker": false,
        "isBestMatch": true
    },
    {
        "id": 1841923,
        "price": "0.00221000",
        "qty": "126.90000000",
        "quoteQty": "0.28044900",
        "time": 1629970495471,
        "isBuyerMaker": false,
        "isBestMatch": true
    },
    {
        "id": 1841924,
        "price": "0.00221100",
        "qty": "29.00000000",
        "quoteQty": "0.06411900",
        "time": 1629970495924,
        "isBuyerMaker": false,
        "isBestMatch": true
    },
    {
        "id": 1841925,
        "price": "0.00221100",
        "qty": "29.00000000",
        "quoteQty": "0.06411900",
        "time": 1629970495924,
        "isBuyerMaker": false,
        "isBestMatch": true
    },
    {
        "id": 1841926,
        "price": "0.00220000",
        "qty": "46.00000000",
        "quoteQty": "0.10120000",
        "time": 1629970506124,
        "isBuyerMaker": true,
        "isBestMatch": true
    },
    {
        "id": 1841927,
        "price": "0.00221200",
        "qty": "150.00000000",
        "quoteQty": "0.33180000",
        "time": 1629970516135,
        "isBuyerMaker": false,
        "isBestMatch": true
    },
    {
        "id": 1841928,
        "price": "0.00221300",
        "qty": "40.00000000",
        "quoteQty": "0.08852000",
        "time": 1629970516140,
        "isBuyerMaker": false,
        "isBestMatch": true
    },
    {
        "id": 1841929,
        "price": "0.00220500",
        "qty": "3420.00000000",
        "quoteQty": "7.54110000",
        "time": 1629970526337,
        "isBuyerMaker": true,
        "isBestMatch": true
    },
    {
        "id": 1841930,
        "price": "0.00219800",
        "qty": "46.00000000",
        "quoteQty": "0.10110800",
        "time": 1629970545122,
        "isBuyerMaker": true,
        "isBestMatch": true
    },
    {
        "id": 1841931,
        "price": "0.00218500",
        "qty": "47.00000000",
        "quoteQty": "0.10269500",
        "time": 1629970546233,
        "isBuyerMaker": true,
        "isBestMatch": true
    },
    {
        "id": 1841932,
        "price": "0.00219400",
        "qty": "46.00000000",
        "quoteQty": "0.10092400",
        "time": 1629970586196,
        "isBuyerMaker": false,
        "isBestMatch": true
    },
    {
        "id": 1841933,
        "price": "0.00219400",
        "qty": "46.00000000",
        "quoteQty": "0.10092400",
        "time": 1629970618007,
        "isBuyerMaker": false,
        "isBestMatch": true
    },
    {
        "id": 1841934,
        "price": "0.00219400",
        "qty": "46.00000000",
        "quoteQty": "0.10092400",
        "time": 1629970622825,
        "isBuyerMaker": true,
        "isBestMatch": true
    },
    {
        "id": 1841935,
        "price": "0.00219400",
        "qty": "46.00000000",
        "quoteQty": "0.10092400",
        "time": 1629970646377,
        "isBuyerMaker": false,
        "isBestMatch": true
    },
    {
        "id": 1841936,
        "price": "0.00219500",
        "qty": "46.00000000",
        "quoteQty": "0.10097000",
        "time": 1629970677632,
        "isBuyerMaker": false,
        "isBestMatch": true
    },
    {
        "id": 1841937,
        "price": "0.00219500",
        "qty": "46.00000000",
        "quoteQty": "0.10097000",
        "time": 1629970702816,
        "isBuyerMaker": true,
        "isBestMatch": true
    },
    {
        "id": 1841938,
        "price": "0.00220700",
        "qty": "54.00000000",
        "quoteQty": "0.11917800",
        "time": 1629970704785,
        "isBuyerMaker": false,
        "isBestMatch": true
    },
    {
        "id": 1841939,
        "price": "0.00220700",
        "qty": "37.00000000",
        "quoteQty": "0.08165900",
        "time": 1629970704785,
        "isBuyerMaker": false,
        "isBestMatch": true
    },
    {
        "id": 1841940,
        "price": "0.00219500",
        "qty": "46.00000000",
        "quoteQty": "0.10097000",
        "time": 1629970717490,
        "isBuyerMaker": true,
        "isBestMatch": true
    },
    {
        "id": 1841941,
        "price": "0.00219500",
        "qty": "46.00000000",
        "quoteQty": "0.10097000",
        "time": 1629970735162,
        "isBuyerMaker": false,
        "isBestMatch": true
    },
    {
        "id": 1841942,
        "price": "0.00219400",
        "qty": "46.00000000",
        "quoteQty": "0.10092400",
        "time": 1629970738408,
        "isBuyerMaker": true,
        "isBestMatch": true
    },
    {
        "id": 1841943,
        "price": "0.00219400",
        "qty": "46.00000000",
        "quoteQty": "0.10092400",
        "time": 1629970741688,
        "isBuyerMaker": false,
        "isBestMatch": true
    },
    {
        "id": 1841944,
        "price": "0.00219400",
        "qty": "46.00000000",
        "quoteQty": "0.10092400",
        "time": 1629970741688,
        "isBuyerMaker": false,
        "isBestMatch": true
    },
    {
        "id": 1841945,
        "price": "0.00220900",
        "qty": "71.00000000",
        "quoteQty": "0.15683900",
        "time": 1629970760725,
        "isBuyerMaker": false,
        "isBestMatch": true
    },
    {
        "id": 1841946,
        "price": "0.00219500",
        "qty": "46.00000000",
        "quoteQty": "0.10097000",
        "time": 1629970766684,
        "isBuyerMaker": false,
        "isBestMatch": true
    },
    {
        "id": 1841947,
        "price": "0.00220000",
        "qty": "63.00000000",
        "quoteQty": "0.13860000",
        "time": 1629970788521,
        "isBuyerMaker": false,
        "isBestMatch": true
    },
    {
        "id": 1841948,
        "price": "0.00220500",
        "qty": "71.00000000",
        "quoteQty": "0.15655500",
        "time": 1629970816262,
        "isBuyerMaker": true,
        "isBestMatch": true
    },
    {
        "id": 1841949,
        "price": "0.00221200",
        "qty": "61.00000000",
        "quoteQty": "0.13493200",
        "time": 1629970826787,
        "isBuyerMaker": false,
        "isBestMatch": true
    },
    {
        "id": 1841950,
        "price": "0.00221300",
        "qty": "188.00000000",
        "quoteQty": "0.41604400",
        "time": 1629970827774,
        "isBuyerMaker": false,
        "isBestMatch": true
    },
    {
        "id": 1841951,
        "price": "0.00221500",
        "qty": "505.00000000",
        "quoteQty": "1.11857500",
        "time": 1629970842393,
        "isBuyerMaker": true,
        "isBestMatch": true
    },
    {
        "id": 1841952,
        "price": "0.00221500",
        "qty": "1300.00000000",
        "quoteQty": "2.87950000",
        "time": 1629970842905,
        "isBuyerMaker": true,
        "isBestMatch": true
    },
    {
        "id": 1841953,
        "price": "0.00221200",
        "qty": "61.00000000",
        "quoteQty": "0.13493200",
        "time": 1629970851656,
        "isBuyerMaker": true,
        "isBestMatch": true
    },
    {
        "id": 1841954,
        "price": "0.00220000",
        "qty": "161.00000000",
        "quoteQty": "0.35420000",
        "time": 1629970853772,
        "isBuyerMaker": true,
        "isBestMatch": true
    },
    {
        "id": 1841955,
        "price": "0.00221000",
        "qty": "50.00000000",
        "quoteQty": "0.11050000",
        "time": 1629970861478,
        "isBuyerMaker": false,
        "isBestMatch": true
    },
    {
        "id": 1841956,
        "price": "0.00221100",
        "qty": "58.00000000",
        "quoteQty": "0.12823800",
        "time": 1629970889757,
        "isBuyerMaker": false,
        "isBestMatch": true
    },
    {
        "id": 1841957,
        "price": "0.00221000",
        "qty": "170.00000000",
        "quoteQty": "0.37570000",
        "time": 1629970917276,
        "isBuyerMaker": false,
        "isBestMatch": true
    },
    {
        "id": 1841958,
        "price": "0.00221100",
        "qty": "58.00000000",
        "quoteQty": "0.12823800",
        "time": 1629970920504,
        "isBuyerMaker": false,
        "isBestMatch": true
    },
    {
        "id": 1841959,
        "price": "0.00221500",
        "qty": "393.00000000",
        "quoteQty": "0.87049500",
        "time": 1629970920504,
        "isBuyerMaker": false,
        "isBestMatch": true
    },
    {
        "id": 1841960,
        "price": "0.00221000",
        "qty": "61.00000000",
        "quoteQty": "0.13481000",
        "time": 1629970924095,
        "isBuyerMaker": true,
        "isBestMatch": true
    },
    {
        "id": 1841961,
        "price": "0.00221100",
        "qty": "61.00000000",
        "quoteQty": "0.13487100",
        "time": 1629970961573,
        "isBuyerMaker": true,
        "isBestMatch": true
    },
    {
        "id": 1841962,
        "price": "0.00222100",
        "qty": "260.00000000",
        "quoteQty": "0.57746000",
        "time": 1629970990363,
        "isBuyerMaker": false,
        "isBestMatch": true
    },
    {
        "id": 1841963,
        "price": "0.00221300",
        "qty": "45.00000000",
        "quoteQty": "0.09958500",
        "time": 1629970996267,
        "isBuyerMaker": true,
        "isBestMatch": true
    },
    {
        "id": 1841964,
        "price": "0.00222200",
        "qty": "45.00000000",
        "quoteQty": "0.09999000",
        "time": 1629971021374,
        "isBuyerMaker": true,
        "isBestMatch": true
    },
    {
        "id": 1841965,
        "price": "0.00222400",
        "qty": "34.00000000",
        "quoteQty": "0.07561600",
        "time": 1629971021575,
        "isBuyerMaker": false,
        "isBestMatch": true
    },
    {
        "id": 1841966,
        "price": "0.00222400",
        "qty": "31.00000000",
        "quoteQty": "0.06894400",
        "time": 1629971021575,
        "isBuyerMaker": false,
        "isBestMatch": true
    },
    {
        "id": 1841967,
        "price": "0.00222700",
        "qty": "306.00000000",
        "quoteQty": "0.68146200",
        "time": 1629971031709,
        "isBuyerMaker": false,
        "isBestMatch": true
    },
    {
        "id": 1841968,
        "price": "0.00222800",
        "qty": "25.00000000",
        "quoteQty": "0.05570000",
        "time": 1629971034074,
        "isBuyerMaker": false,
        "isBestMatch": true
    },
    {
        "id": 1841969,
        "price": "0.00223200",
        "qty": "49.00000000",
        "quoteQty": "0.10936800",
        "time": 1629971038599,
        "isBuyerMaker": false,
        "isBestMatch": true
    },
    {
        "id": 1841970,
        "price": "0.00223300",
        "qty": "300.00000000",
        "quoteQty": "0.66990000",
        "time": 1629971038599,
        "isBuyerMaker": false,
        "isBestMatch": true
    },
    {
        "id": 1841971,
        "price": "0.00224000",
        "qty": "91.00000000",
        "quoteQty": "0.20384000",
        "time": 1629971038599,
        "isBuyerMaker": false,
        "isBestMatch": true
    },
    {
        "id": 1841972,
        "price": "0.00224200",
        "qty": "81.10000000",
        "quoteQty": "0.18182620",
        "time": 1629971038599,
        "isBuyerMaker": false,
        "isBestMatch": true
    },
    {
        "id": 1841973,
        "price": "0.00225600",
        "qty": "280.90000000",
        "quoteQty": "0.63371040",
        "time": 1629971038599,
        "isBuyerMaker": false,
        "isBestMatch": true
    },
    {
        "id": 1841974,
        "price": "0.00222300",
        "qty": "48.00000000",
        "quoteQty": "0.10670400",
        "time": 1629971040191,
        "isBuyerMaker": true,
        "isBestMatch": true
    },
    {
        "id": 1841975,
        "price": "0.00224000",
        "qty": "91.00000000",
        "quoteQty": "0.20384000",
        "time": 1629971041105,
        "isBuyerMaker": true,
        "isBestMatch": true
    },
    {
        "id": 1841976,
        "price": "0.00224000",
        "qty": "89.00000000",
        "quoteQty": "0.19936000",
        "time": 1629971041105,
        "isBuyerMaker": true,
        "isBestMatch": true
    },
    {
        "id": 1841977,
        "price": "0.00222600",
        "qty": "157.00000000",
        "quoteQty": "0.34948200",
        "time": 1629971043887,
        "isBuyerMaker": true,
        "isBestMatch": true
    },
    {
        "id": 1841978,
        "price": "0.00222900",
        "qty": "180.00000000",
        "quoteQty": "0.40122000",
        "time": 1629971055935,
        "isBuyerMaker": false,
        "isBestMatch": true
    },
    {
        "id": 1841979,
        "price": "0.00222600",
        "qty": "226.00000000",
        "quoteQty": "0.50307600",
        "time": 1629971068731,
        "isBuyerMaker": true,
        "isBestMatch": true
    },
    {
        "id": 1841980,
        "price": "0.00222500",
        "qty": "4645.00000000",
        "quoteQty": "10.33512500",
        "time": 1629971068732,
        "isBuyerMaker": true,
        "isBestMatch": true
    },
    {
        "id": 1841981,
        "price": "0.00222300",
        "qty": "28.00000000",
        "quoteQty": "0.06224400",
        "time": 1629971068732,
        "isBuyerMaker": true,
        "isBestMatch": true
    },
    {
        "id": 1841982,
        "price": "0.00222200",
        "qty": "48.00000000",
        "quoteQty": "0.10665600",
        "time": 1629971068732,
        "isBuyerMaker": true,
        "isBestMatch": true
    },
    {
        "id": 1841983,
        "price": "0.00222600",
        "qty": "226.00000000",
        "quoteQty": "0.50307600",
        "time": 1629971068756,
        "isBuyerMaker": false,
        "isBestMatch": true
    },
    {
        "id": 1841984,
        "price": "0.00222000",
        "qty": "45.00000000",
        "quoteQty": "0.09990000",
        "time": 1629971068761,
        "isBuyerMaker": true,
        "isBestMatch": true
    },
    {
        "id": 1841985,
        "price": "0.00222900",
        "qty": "59.00000000",
        "quoteQty": "0.13151100",
        "time": 1629971068985,
        "isBuyerMaker": true,
        "isBestMatch": true
    },
    {
        "id": 1841986,
        "price": "0.00224000",
        "qty": "45.00000000",
        "quoteQty": "0.10080000",
        "time": 1629971104158,
        "isBuyerMaker": true,
        "isBestMatch": true
    },
    {
        "id": 1841987,
        "price": "0.00224700",
        "qty": "199.00000000",
        "quoteQty": "0.44715300",
        "time": 1629971112057,
        "isBuyerMaker": false,
        "isBestMatch": true
    },
    {
        "id": 1841988,
        "price": "0.00225600",
        "qty": "75.00000000",
        "quoteQty": "0.16920000",
        "time": 1629971112107,
        "isBuyerMaker": false,
        "isBestMatch": true
    },
    {
        "id": 1841989,
        "price": "0.00225700",
        "qty": "25.00000000",
        "quoteQty": "0.05642500",
        "time": 1629971112107,
        "isBuyerMaker": false,
        "isBestMatch": true
    },
    {
        "id": 1841990,
        "price": "0.00225700",
        "qty": "28.00000000",
        "quoteQty": "0.06319600",
        "time": 1629971112107,
        "isBuyerMaker": false,
        "isBestMatch": true
    },
    {
        "id": 1841991,
        "price": "0.00225700",
        "qty": "28.00000000",
        "quoteQty": "0.06319600",
        "time": 1629971112107,
        "isBuyerMaker": false,
        "isBestMatch": true
    },
    {
        "id": 1841992,
        "price": "0.00225800",
        "qty": "147.00000000",
        "quoteQty": "0.33192600",
        "time": 1629971112107,
        "isBuyerMaker": false,
        "isBestMatch": true
    },
    {
        "id": 1841993,
        "price": "0.00226100",
        "qty": "260.00000000",
        "quoteQty": "0.58786000",
        "time": 1629971112107,
        "isBuyerMaker": false,
        "isBestMatch": true
    },
    {
        "id": 1841994,
        "price": "0.00226600",
        "qty": "300.00000000",
        "quoteQty": "0.67980000",
        "time": 1629971112107,
        "isBuyerMaker": false,
        "isBestMatch": true
    },
    {
        "id": 1841995,
        "price": "0.00226600",
        "qty": "40.00000000",
        "quoteQty": "0.09064000",
        "time": 1629971112107,
        "isBuyerMaker": false,
        "isBestMatch": true
    },
    {
        "id": 1841996,
        "price": "0.00227200",
        "qty": "25.00000000",
        "quoteQty": "0.05680000",
        "time": 1629971112107,
        "isBuyerMaker": false,
        "isBestMatch": true
    },
    {
        "id": 1841997,
        "price": "0.00227200",
        "qty": "33.00000000",
        "quoteQty": "0.07497600",
        "time": 1629971112107,
        "isBuyerMaker": false,
        "isBestMatch": true
    },
    {
        "id": 1841998,
        "price": "0.00227200",
        "qty": "31.00000000",
        "quoteQty": "0.07043200",
        "time": 1629971112107,
        "isBuyerMaker": false,
        "isBestMatch": true
    },
    {
        "id": 1841999,
        "price": "0.00227400",
        "qty": "81.10000000",
        "quoteQty": "0.18442140",
        "time": 1629971112107,
        "isBuyerMaker": false,
        "isBestMatch": true
    },
    {
        "id": 1842000,
        "price": "0.00229400",
        "qty": "71.90000000",
        "quoteQty": "0.16493860",
        "time": 1629971112107,
        "isBuyerMaker": false,
        "isBestMatch": true
    },
    {
        "id": 1842001,
        "price": "0.00229300",
        "qty": "141.00000000",
        "quoteQty": "0.32331300",
        "time": 1629971112180,
        "isBuyerMaker": false,
        "isBestMatch": true
    },
    {
        "id": 1842002,
        "price": "0.00229400",
        "qty": "12.10000000",
        "quoteQty": "0.02775740",
        "time": 1629971112180,
        "isBuyerMaker": false,
        "isBestMatch": true
    },
    {
        "id": 1842003,
        "price": "0.00229700",
        "qty": "27.00000000",
        "quoteQty": "0.06201900",
        "time": 1629971112180,
        "isBuyerMaker": false,
        "isBestMatch": true
    },
    {
        "id": 1842004,
        "price": "0.00229900",
        "qty": "47.90000000",
        "quoteQty": "0.11012210",
        "time": 1629971112180,
        "isBuyerMaker": false,
        "isBestMatch": true
    },
    {
        "id": 1842005,
        "price": "0.00225900",
        "qty": "269.00000000",
        "quoteQty": "0.60767100",
        "time": 1629971120254,
        "isBuyerMaker": true,
        "isBestMatch": true
    },
    {
        "id": 1842006,
        "price": "0.00227700",
        "qty": "7.00000000",
        "quoteQty": "0.01593900",
        "time": 1629971122267,
        "isBuyerMaker": false,
        "isBestMatch": true
    },
    {
        "id": 1842007,
        "price": "0.00226100",
        "qty": "55.00000000",
        "quoteQty": "0.12435500",
        "time": 1629971129411,
        "isBuyerMaker": false,
        "isBestMatch": true
    },
    {
        "id": 1842008,
        "price": "0.00227100",
        "qty": "61.00000000",
        "quoteQty": "0.13853100",
        "time": 1629971163843,
        "isBuyerMaker": false,
        "isBestMatch": true
    },
    {
        "id": 1842009,
        "price": "0.00228300",
        "qty": "55.00000000",
        "quoteQty": "0.12556500",
        "time": 1629971170525,
        "isBuyerMaker": false,
        "isBestMatch": true
    },
    {
        "id": 1842010,
        "price": "0.00228100",
        "qty": "130.00000000",
        "quoteQty": "0.29653000",
        "time": 1629971195326,
        "isBuyerMaker": false,
        "isBestMatch": true
    },
    {
        "id": 1842011,
        "price": "0.00228200",
        "qty": "204.00000000",
        "quoteQty": "0.46552800",
        "time": 1629971195326,
        "isBuyerMaker": false,
        "isBestMatch": true
    },
    {
        "id": 1842012,
        "price": "0.00227000",
        "qty": "50.00000000",
        "quoteQty": "0.11350000",
        "time": 1629971201583,
        "isBuyerMaker": true,
        "isBestMatch": true
    },
    {
        "id": 1842013,
        "price": "0.00226000",
        "qty": "121.00000000",
        "quoteQty": "0.27346000",
        "time": 1629971202703,
        "isBuyerMaker": true,
        "isBestMatch": true
    },
    {
        "id": 1842014,
        "price": "0.00226000",
        "qty": "61.00000000",
        "quoteQty": "0.13786000",
        "time": 1629971202703,
        "isBuyerMaker": true,
        "isBestMatch": true
    },
    {
        "id": 1842015,
        "price": "0.00226000",
        "qty": "367.00000000",
        "quoteQty": "0.82942000",
        "time": 1629971202703,
        "isBuyerMaker": true,
        "isBestMatch": true
    },
    {
        "id": 1842016,
        "price": "0.00226000",
        "qty": "373.00000000",
        "quoteQty": "0.84298000",
        "time": 1629971202708,
        "isBuyerMaker": false,
        "isBestMatch": true
    },
    {
        "id": 1842017,
        "price": "0.00227200",
        "qty": "53.00000000",
        "quoteQty": "0.12041600",
        "time": 1629971233144,
        "isBuyerMaker": true,
        "isBestMatch": true
    },
    {
        "id": 1842018,
        "price": "0.00227100",
        "qty": "49.00000000",
        "quoteQty": "0.11127900",
        "time": 1629971264739,
        "isBuyerMaker": true,
        "isBestMatch": true
    },
    {
        "id": 1842019,
        "price": "0.00228500",
        "qty": "195.00000000",
        "quoteQty": "0.44557500",
        "time": 1629971268335,
        "isBuyerMaker": false,
        "isBestMatch": true
    },
    {
        "id": 1842020,
        "price": "0.00228600",
        "qty": "416.00000000",
        "quoteQty": "0.95097600",
        "time": 1629971268335,
        "isBuyerMaker": false,
        "isBestMatch": true
    },
    {
        "id": 1842021,
        "price": "0.00227900",
        "qty": "64.00000000",
        "quoteQty": "0.14585600",
        "time": 1629971283659,
        "isBuyerMaker": false,
        "isBestMatch": true
    },
    {
        "id": 1842022,
        "price": "0.00227900",
        "qty": "614.00000000",
        "quoteQty": "1.39930600",
        "time": 1629971283659,
        "isBuyerMaker": false,
        "isBestMatch": true
    },
    {
        "id": 1842023,
        "price": "0.00226800",
        "qty": "48.00000000",
        "quoteQty": "0.10886400",
        "time": 1629971296444,
        "isBuyerMaker": true,
        "isBestMatch": true
    },
    {
        "id": 1842024,
        "price": "0.00226000",
        "qty": "73.00000000",
        "quoteQty": "0.16498000",
        "time": 1629971325058,
        "isBuyerMaker": true,
        "isBestMatch": true
    },
    {
        "id": 1842025,
        "price": "0.00226800",
        "qty": "48.00000000",
        "quoteQty": "0.10886400",
        "time": 1629971360697,
        "isBuyerMaker": false,
        "isBestMatch": true
    },
    {
        "id": 1842026,
        "price": "0.00225800",
        "qty": "47.00000000",
        "quoteQty": "0.10612600",
        "time": 1629971369182,
        "isBuyerMaker": true,
        "isBestMatch": true
    },
    {
        "id": 1842027,
        "price": "0.00227500",
        "qty": "62.00000000",
        "quoteQty": "0.14105000",
        "time": 1629971397862,
        "isBuyerMaker": false,
        "isBestMatch": true
    },
    {
        "id": 1842028,
        "price": "0.00227000",
        "qty": "28.00000000",
        "quoteQty": "0.06356000",
        "time": 1629971421921,
        "isBuyerMaker": true,
        "isBestMatch": true
    },
    {
        "id": 1842029,
        "price": "0.00227500",
        "qty": "61.00000000",
        "quoteQty": "0.13877500",
        "time": 1629971436828,
        "isBuyerMaker": true,
        "isBestMatch": true
    },
    {
        "id": 1842030,
        "price": "0.00227500",
        "qty": "67.00000000",
        "quoteQty": "0.15242500",
        "time": 1629971474825,
        "isBuyerMaker": false,
        "isBestMatch": true
    },
    {
        "id": 1842031,
        "price": "0.00226600",
        "qty": "293.00000000",
        "quoteQty": "0.66393800",
        "time": 1629971476747,
        "isBuyerMaker": true,
        "isBestMatch": true
    },
    {
        "id": 1842032,
        "price": "0.00224800",
        "qty": "384.00000000",
        "quoteQty": "0.86323200",
        "time": 1629971476747,
        "isBuyerMaker": true,
        "isBestMatch": true
    },
    {
        "id": 1842033,
        "price": "0.00227100",
        "qty": "24.00000000",
        "quoteQty": "0.05450400",
        "time": 1629971482979,
        "isBuyerMaker": true,
        "isBestMatch": true
    },
    {
        "id": 1842034,
        "price": "0.00227900",
        "qty": "68.00000000",
        "quoteQty": "0.15497200",
        "time": 1629971491308,
        "isBuyerMaker": false,
        "isBestMatch": true
    },
    {
        "id": 1842035,
        "price": "0.00227100",
        "qty": "233.00000000",
        "quoteQty": "0.52914300",
        "time": 1629971502263,
        "isBuyerMaker": true,
        "isBestMatch": true
    },
    {
        "id": 1842036,
        "price": "0.00227000",
        "qty": "457.00000000",
        "quoteQty": "1.03739000",
        "time": 1629971502263,
        "isBuyerMaker": true,
        "isBestMatch": true
    },
    {
        "id": 1842037,
        "price": "0.00227000",
        "qty": "3.00000000",
        "quoteQty": "0.00681000",
        "time": 1629971502913,
        "isBuyerMaker": true,
        "isBestMatch": true
    },
    {
        "id": 1842038,
        "price": "0.00227300",
        "qty": "55.00000000",
        "quoteQty": "0.12501500",
        "time": 1629971515886,
        "isBuyerMaker": true,
        "isBestMatch": true
    },
    {
        "id": 1842039,
        "price": "0.00225200",
        "qty": "27.00000000",
        "quoteQty": "0.06080400",
        "time": 1629971525550,
        "isBuyerMaker": true,
        "isBestMatch": true
    },
    {
        "id": 1842040,
        "price": "0.00227200",
        "qty": "59.00000000",
        "quoteQty": "0.13404800",
        "time": 1629971550692,
        "isBuyerMaker": false,
        "isBestMatch": true
    },
    {
        "id": 1842041,
        "price": "0.00228000",
        "qty": "33.00000000",
        "quoteQty": "0.07524000",
        "time": 1629971579570,
        "isBuyerMaker": false,
        "isBestMatch": true
    },
    {
        "id": 1842042,
        "price": "0.00227200",
        "qty": "451.00000000",
        "quoteQty": "1.02467200",
        "time": 1629971584978,
        "isBuyerMaker": false,
        "isBestMatch": true
    },
    {
        "id": 1842043,
        "price": "0.00227100",
        "qty": "44.00000000",
        "quoteQty": "0.09992400",
        "time": 1629971585374,
        "isBuyerMaker": false,
        "isBestMatch": true
    },
    {
        "id": 1842044,
        "price": "0.00229600",
        "qty": "8.00000000",
        "quoteQty": "0.01836800",
        "time": 1629971587074,
        "isBuyerMaker": false,
        "isBestMatch": true
    },
    {
        "id": 1842045,
        "price": "0.00227200",
        "qty": "87.00000000",
        "quoteQty": "0.19766400",
        "time": 1629971610709,
        "isBuyerMaker": true,
        "isBestMatch": true
    },
    {
        "id": 1842046,
        "price": "0.00227500",
        "qty": "47.00000000",
        "quoteQty": "0.10692500",
        "time": 1629971661665,
        "isBuyerMaker": true,
        "isBestMatch": true
    },
    {
        "id": 1842047,
        "price": "0.00228400",
        "qty": "350.00000000",
        "quoteQty": "0.79940000",
        "time": 1629971686933,
        "isBuyerMaker": false,
        "isBestMatch": true
    },
    {
        "id": 1842048,
        "price": "0.00229400",
        "qty": "1169.00000000",
        "quoteQty": "2.68168600",
        "time": 1629971686947,
        "isBuyerMaker": false,
        "isBestMatch": true
    },
    {
        "id": 1842049,
        "price": "0.00229400",
        "qty": "586.00000000",
        "quoteQty": "1.34428400",
        "time": 1629971686947,
        "isBuyerMaker": false,
        "isBestMatch": true
    },
    {
        "id": 1842050,
        "price": "0.00229900",
        "qty": "251.50000000",
        "quoteQty": "0.57819850",
        "time": 1629971686947,
        "isBuyerMaker": false,
        "isBestMatch": true
    },
    {
        "id": 1842051,
        "price": "0.00230000",
        "qty": "73.40000000",
        "quoteQty": "0.16882000",
        "time": 1629971686947,
        "isBuyerMaker": false,
        "isBestMatch": true
    },
    {
        "id": 1842052,
        "price": "0.00230200",
        "qty": "258.10000000",
        "quoteQty": "0.59414620",
        "time": 1629971686947,
        "isBuyerMaker": false,
        "isBestMatch": true
    },
    {
        "id": 1842053,
        "price": "0.00230200",
        "qty": "1.90000000",
        "quoteQty": "0.00437380",
        "time": 1629971686961,
        "isBuyerMaker": false,
        "isBestMatch": true
    },
    {
        "id": 1842054,
        "price": "0.00229400",
        "qty": "1755.00000000",
        "quoteQty": "4.02597000",
        "time": 1629971686984,
        "isBuyerMaker": true,
        "isBestMatch": true
    },
    {
        "id": 1842055,
        "price": "0.00228000",
        "qty": "48.00000000",
        "quoteQty": "0.10944000",
        "time": 1629971686984,
        "isBuyerMaker": true,
        "isBestMatch": true
    },
    {
        "id": 1842056,
        "price": "0.00227900",
        "qty": "350.00000000",
        "quoteQty": "0.79765000",
        "time": 1629971686984,
        "isBuyerMaker": true,
        "isBestMatch": true
    },
    {
        "id": 1842057,
        "price": "0.00227800",
        "qty": "637.00000000",
        "quoteQty": "1.45108600",
        "time": 1629971686984,
        "isBuyerMaker": true,
        "isBestMatch": true
    },
    {
        "id": 1842058,
        "price": "0.00228500",
        "qty": "23.00000000",
        "quoteQty": "0.05255500",
        "time": 1629971690680,
        "isBuyerMaker": true,
        "isBestMatch": true
    },
    {
        "id": 1842059,
        "price": "0.00228400",
        "qty": "21.00000000",
        "quoteQty": "0.04796400",
        "time": 1629971690680,
        "isBuyerMaker": true,
        "isBestMatch": true
    },
    {
        "id": 1842060,
        "price": "0.00229400",
        "qty": "44.00000000",
        "quoteQty": "0.10093600",
        "time": 1629971716064,
        "isBuyerMaker": false,
        "isBestMatch": true
    },
    {
        "id": 1842061,
        "price": "0.00230300",
        "qty": "860.00000000",
        "quoteQty": "1.98058000",
        "time": 1629971718138,
        "isBuyerMaker": false,
        "isBestMatch": true
    },
    {
        "id": 1842062,
        "price": "0.00230500",
        "qty": "25.00000000",
        "quoteQty": "0.05762500",
        "time": 1629971718153,
        "isBuyerMaker": false,
        "isBestMatch": true
    },
    {
        "id": 1842063,
        "price": "0.00230500",
        "qty": "27.00000000",
        "quoteQty": "0.06223500",
        "time": 1629971718153,
        "isBuyerMaker": false,
        "isBestMatch": true
    },
    {
        "id": 1842064,
        "price": "0.00230500",
        "qty": "27.00000000",
        "quoteQty": "0.06223500",
        "time": 1629971718153,
        "isBuyerMaker": false,
        "isBestMatch": true
    },
    {
        "id": 1842065,
        "price": "0.00230500",
        "qty": "1090.00000000",
        "quoteQty": "2.51245000",
        "time": 1629971718153,
        "isBuyerMaker": false,
        "isBestMatch": true
    },
    {
        "id": 1842066,
        "price": "0.00230500",
        "qty": "2424.00000000",
        "quoteQty": "5.58732000",
        "time": 1629971718156,
        "isBuyerMaker": false,
        "isBestMatch": true
    },
    {
        "id": 1842067,
        "price": "0.00230600",
        "qty": "144.00000000",
        "quoteQty": "0.33206400",
        "time": 1629971718218,
        "isBuyerMaker": false,
        "isBestMatch": true
    },
    {
        "id": 1842068,
        "price": "0.00230700",
        "qty": "185.40000000",
        "quoteQty": "0.42771780",
        "time": 1629971719237,
        "isBuyerMaker": false,
        "isBestMatch": true
    },
    {
        "id": 1842069,
        "price": "0.00230700",
        "qty": "80.60000000",
        "quoteQty": "0.18594420",
        "time": 1629971719237,
        "isBuyerMaker": false,
        "isBestMatch": true
    },
    {
        "id": 1842070,
        "price": "0.00230700",
        "qty": "0.50000000",
        "quoteQty": "0.00115350",
        "time": 1629971721370,
        "isBuyerMaker": false,
        "isBestMatch": true
    },
    {
        "id": 1842071,
        "price": "0.00230000",
        "qty": "33.00000000",
        "quoteQty": "0.07590000",
        "time": 1629971723340,
        "isBuyerMaker": true,
        "isBestMatch": true
    },
    {
        "id": 1842072,
        "price": "0.00230200",
        "qty": "68.00000000",
        "quoteQty": "0.15653600",
        "time": 1629971732188,
        "isBuyerMaker": true,
        "isBestMatch": true
    },
    {
        "id": 1842073,
        "price": "0.00229700",
        "qty": "53.00000000",
        "quoteQty": "0.12174100",
        "time": 1629971738592,
        "isBuyerMaker": true,
        "isBestMatch": true
    },
    {
        "id": 1842074,
        "price": "0.00230000",
        "qty": "363.00000000",
        "quoteQty": "0.83490000",
        "time": 1629971746777,
        "isBuyerMaker": true,
        "isBestMatch": true
    },
    {
        "id": 1842075,
        "price": "0.00230000",
        "qty": "180.00000000",
        "quoteQty": "0.41400000",
        "time": 1629971746785,
        "isBuyerMaker": false,
        "isBestMatch": true
    },
    {
        "id": 1842076,
        "price": "0.00230000",
        "qty": "146.00000000",
        "quoteQty": "0.33580000",
        "time": 1629971751657,
        "isBuyerMaker": true,
        "isBestMatch": true
    },
    {
        "id": 1842077,
        "price": "0.00230000",
        "qty": "36.00000000",
        "quoteQty": "0.08280000",
        "time": 1629971751657,
        "isBuyerMaker": true,
        "isBestMatch": true
    },
    {
        "id": 1842078,
        "price": "0.00229600",
        "qty": "53.00000000",
        "quoteQty": "0.12168800",
        "time": 1629971751665,
        "isBuyerMaker": true,
        "isBestMatch": true
    },
    {
        "id": 1842079,
        "price": "0.00230300",
        "qty": "422.00000000",
        "quoteQty": "0.97186600",
        "time": 1629971770270,
        "isBuyerMaker": false,
        "isBestMatch": true
    },
    {
        "id": 1842080,
        "price": "0.00230600",
        "qty": "1083.00000000",
        "quoteQty": "2.49739800",
        "time": 1629971770309,
        "isBuyerMaker": false,
        "isBestMatch": true
    },
    {
        "id": 1842081,
        "price": "0.00230600",
        "qty": "473.00000000",
        "quoteQty": "1.09073800",
        "time": 1629971770313,
        "isBuyerMaker": false,
        "isBestMatch": true
    },
    {
        "id": 1842082,
        "price": "0.00230600",
        "qty": "252.00000000",
        "quoteQty": "0.58111200",
        "time": 1629971770313,
        "isBuyerMaker": false,
        "isBestMatch": true
    },
    {
        "id": 1842083,
        "price": "0.00230400",
        "qty": "422.00000000",
        "quoteQty": "0.97228800",
        "time": 1629971770331,
        "isBuyerMaker": true,
        "isBestMatch": true
    },
    {
        "id": 1842084,
        "price": "0.00230400",
        "qty": "1792.00000000",
        "quoteQty": "4.12876800",
        "time": 1629971770331,
        "isBuyerMaker": true,
        "isBestMatch": true
    },
    {
        "id": 1842085,
        "price": "0.00230300",
        "qty": "127.00000000",
        "quoteQty": "0.29248100",
        "time": 1629971770331,
        "isBuyerMaker": true,
        "isBestMatch": true
    },
    {
        "id": 1842086,
        "price": "0.00230300",
        "qty": "422.00000000",
        "quoteQty": "0.97186600",
        "time": 1629971770331,
        "isBuyerMaker": true,
        "isBestMatch": true
    },
    {
        "id": 1842087,
        "price": "0.00229600",
        "qty": "80.00000000",
        "quoteQty": "0.18368000",
        "time": 1629971770831,
        "isBuyerMaker": true,
        "isBestMatch": true
    },
    {
        "id": 1842088,
        "price": "0.00231100",
        "qty": "45.30000000",
        "quoteQty": "0.10468830",
        "time": 1629971807740,
        "isBuyerMaker": false,
        "isBestMatch": true
    },
    {
        "id": 1842089,
        "price": "0.00231100",
        "qty": "43.70000000",
        "quoteQty": "0.10099070",
        "time": 1629971807740,
        "isBuyerMaker": false,
        "isBestMatch": true
    },
    {
        "id": 1842090,
        "price": "0.00231100",
        "qty": "941.00000000",
        "quoteQty": "2.17465100",
        "time": 1629971809588,
        "isBuyerMaker": false,
        "isBestMatch": true
    },
    {
        "id": 1842091,
        "price": "0.00231100",
        "qty": "72.00000000",
        "quoteQty": "0.16639200",
        "time": 1629971809637,
        "isBuyerMaker": false,
        "isBestMatch": true
    },
    {
        "id": 1842092,
        "price": "0.00231100",
        "qty": "0.30000000",
        "quoteQty": "0.00069330",
        "time": 1629971810583,
        "isBuyerMaker": false,
        "isBestMatch": true
    },
    {
        "id": 1842093,
        "price": "0.00231300",
        "qty": "7.00000000",
        "quoteQty": "0.01619100",
        "time": 1629971819131,
        "isBuyerMaker": false,
        "isBestMatch": true
    },
    {
        "id": 1842094,
        "price": "0.00230600",
        "qty": "57.00000000",
        "quoteQty": "0.13144200",
        "time": 1629971821345,
        "isBuyerMaker": true,
        "isBestMatch": true
    },
    {
        "id": 1842095,
        "price": "0.00231300",
        "qty": "105.00000000",
        "quoteQty": "0.24286500",
        "time": 1629971825053,
        "isBuyerMaker": false,
        "isBestMatch": true
    },
    {
        "id": 1842096,
        "price": "0.00231300",
        "qty": "41.00000000",
        "quoteQty": "0.09483300",
        "time": 1629971825290,
        "isBuyerMaker": false,
        "isBestMatch": true
    },
    {
        "id": 1842097,
        "price": "0.00230600",
        "qty": "57.00000000",
        "quoteQty": "0.13144200",
        "time": 1629971835726,
        "isBuyerMaker": true,
        "isBestMatch": true
    },
    {
        "id": 1842098,
        "price": "0.00230500",
        "qty": "46.00000000",
        "quoteQty": "0.10603000",
        "time": 1629971855968,
        "isBuyerMaker": false,
        "isBestMatch": true
    },
    {
        "id": 1842099,
        "price": "0.00230200",
        "qty": "1803.00000000",
        "quoteQty": "4.15050600",
        "time": 1629971857921,
        "isBuyerMaker": true,
        "isBestMatch": true
    },
    {
        "id": 1842100,
        "price": "0.00230700",
        "qty": "43.00000000",
        "quoteQty": "0.09920100",
        "time": 1629971870673,
        "isBuyerMaker": false,
        "isBestMatch": true
    },
    {
        "id": 1842101,
        "price": "0.00230400",
        "qty": "59.00000000",
        "quoteQty": "0.13593600",
        "time": 1629971884099,
        "isBuyerMaker": true,
        "isBestMatch": true
    },
    {
        "id": 1842102,
        "price": "0.00229600",
        "qty": "80.00000000",
        "quoteQty": "0.18368000",
        "time": 1629971911463,
        "isBuyerMaker": true,
        "isBestMatch": true
    },
    {
        "id": 1842103,
        "price": "0.00229400",
        "qty": "44.00000000",
        "quoteQty": "0.10093600",
        "time": 1629971911866,
        "isBuyerMaker": true,
        "isBestMatch": true
    },
    {
        "id": 1842104,
        "price": "0.00228400",
        "qty": "500.00000000",
        "quoteQty": "1.14200000",
        "time": 1629971915166,
        "isBuyerMaker": true,
        "isBestMatch": true
    },
    {
        "id": 1842105,
        "price": "0.00228000",
        "qty": "43.00000000",
        "quoteQty": "0.09804000",
        "time": 1629971915166,
        "isBuyerMaker": true,
        "isBestMatch": true
    },
    {
        "id": 1842106,
        "price": "0.00228100",
        "qty": "43.00000000",
        "quoteQty": "0.09808300",
        "time": 1629971915168,
        "isBuyerMaker": true,
        "isBestMatch": true
    },
    {
        "id": 1842107,
        "price": "0.00228000",
        "qty": "1.00000000",
        "quoteQty": "0.00228000",
        "time": 1629971915168,
        "isBuyerMaker": true,
        "isBestMatch": true
    },
    {
        "id": 1842108,
        "price": "0.00229600",
        "qty": "63.00000000",
        "quoteQty": "0.14464800",
        "time": 1629971921963,
        "isBuyerMaker": true,
        "isBestMatch": true
    },
    {
        "id": 1842109,
        "price": "0.00229200",
        "qty": "45.00000000",
        "quoteQty": "0.10314000",
        "time": 1629971959559,
        "isBuyerMaker": false,
        "isBestMatch": true
    },
    {
        "id": 1842110,
        "price": "0.00229200",
        "qty": "1.00000000",
        "quoteQty": "0.00229200",
        "time": 1629971987976,
        "isBuyerMaker": false,
        "isBestMatch": true
    },
    {
        "id": 1842111,
        "price": "0.00229500",
        "qty": "45.00000000",
        "quoteQty": "0.10327500",
        "time": 1629971987976,
        "isBuyerMaker": false,
        "isBestMatch": true
    },
    {
        "id": 1842112,
        "price": "0.00229500",
        "qty": "3.00000000",
        "quoteQty": "0.00688500",
        "time": 1629971987984,
        "isBuyerMaker": true,
        "isBestMatch": true
    },
    {
        "id": 1842113,
        "price": "0.00229300",
        "qty": "88.00000000",
        "quoteQty": "0.20178400",
        "time": 1629971995980,
        "isBuyerMaker": false,
        "isBestMatch": true
    },
    {
        "id": 1842114,
        "price": "0.00229500",
        "qty": "49.00000000",
        "quoteQty": "0.11245500",
        "time": 1629972007700,
        "isBuyerMaker": false,
        "isBestMatch": true
    },
    {
        "id": 1842115,
        "price": "0.00229600",
        "qty": "63.00000000",
        "quoteQty": "0.14464800",
        "time": 1629972007711,
        "isBuyerMaker": false,
        "isBestMatch": true
    },
    {
        "id": 1842116,
        "price": "0.00230100",
        "qty": "59.00000000",
        "quoteQty": "0.13575900",
        "time": 1629972017089,
        "isBuyerMaker": false,
        "isBestMatch": true
    },
    {
        "id": 1842117,
        "price": "0.00230100",
        "qty": "59.00000000",
        "quoteQty": "0.13575900",
        "time": 1629972018786,
        "isBuyerMaker": true,
        "isBestMatch": true
    },
    {
        "id": 1842118,
        "price": "0.00229700",
        "qty": "56.00000000",
        "quoteQty": "0.12863200",
        "time": 1629972052290,
        "isBuyerMaker": false,
        "isBestMatch": true
    },
    {
        "id": 1842119,
        "price": "0.00227700",
        "qty": "45.00000000",
        "quoteQty": "0.10246500",
        "time": 1629972071411,
        "isBuyerMaker": true,
        "isBestMatch": true
    },
    {
        "id": 1842120,
        "price": "0.00227700",
        "qty": "27.00000000",
        "quoteQty": "0.06147900",
        "time": 1629972071411,
        "isBuyerMaker": true,
        "isBestMatch": true
    },
    {
        "id": 1842121,
        "price": "0.00228300",
        "qty": "44.00000000",
        "quoteQty": "0.10045200",
        "time": 1629972087915,
        "isBuyerMaker": false,
        "isBestMatch": true
    },
    {
        "id": 1842122,
        "price": "0.00227000",
        "qty": "81.00000000",
        "quoteQty": "0.18387000",
        "time": 1629972092233,
        "isBuyerMaker": true,
        "isBestMatch": true
    },
    {
        "id": 1842123,
        "price": "0.00227700",
        "qty": "44.00000000",
        "quoteQty": "0.10018800",
        "time": 1629972113237,
        "isBuyerMaker": true,
        "isBestMatch": true
    },
    {
        "id": 1842124,
        "price": "0.00226800",
        "qty": "87.00000000",
        "quoteQty": "0.19731600",
        "time": 1629972127906,
        "isBuyerMaker": true,
        "isBestMatch": true
    },
    {
        "id": 1842125,
        "price": "0.00227100",
        "qty": "44.00000000",
        "quoteQty": "0.09992400",
        "time": 1629972141402,
        "isBuyerMaker": false,
        "isBestMatch": true
    },
    {
        "id": 1842126,
        "price": "0.00227100",
        "qty": "44.00000000",
        "quoteQty": "0.09992400",
        "time": 1629972166579,
        "isBuyerMaker": false,
        "isBestMatch": true
    },
    {
        "id": 1842127,
        "price": "0.00228100",
        "qty": "36.00000000",
        "quoteQty": "0.08211600",
        "time": 1629972189772,
        "isBuyerMaker": true,
        "isBestMatch": true
    },
    {
        "id": 1842128,
        "price": "0.00228600",
        "qty": "44.00000000",
        "quoteQty": "0.10058400",
        "time": 1629972191762,
        "isBuyerMaker": true,
        "isBestMatch": true
    },
    {
        "id": 1842129,
        "price": "0.00228300",
        "qty": "53.00000000",
        "quoteQty": "0.12099900",
        "time": 1629972213795,
        "isBuyerMaker": true,
        "isBestMatch": true
    },
    {
        "id": 1842130,
        "price": "0.00227200",
        "qty": "47.00000000",
        "quoteQty": "0.10678400",
        "time": 1629972245481,
        "isBuyerMaker": true,
        "isBestMatch": true
    },
    {
        "id": 1842131,
        "price": "0.00226900",
        "qty": "44.00000000",
        "quoteQty": "0.09983600",
        "time": 1629972274310,
        "isBuyerMaker": false,
        "isBestMatch": true
    },
    {
        "id": 1842132,
        "price": "0.00226100",
        "qty": "260.00000000",
        "quoteQty": "0.58786000",
        "time": 1629972292544,
        "isBuyerMaker": true,
        "isBestMatch": true
    },
    {
        "id": 1842133,
        "price": "0.00226400",
        "qty": "69.00000000",
        "quoteQty": "0.15621600",
        "time": 1629972299575,
        "isBuyerMaker": false,
        "isBestMatch": true
    },
    {
        "id": 1842134,
        "price": "0.00226400",
        "qty": "44.00000000",
        "quoteQty": "0.09961600",
        "time": 1629972340723,
        "isBuyerMaker": false,
        "isBestMatch": true
    },
    {
        "id": 1842135,
        "price": "0.00226100",
        "qty": "44.00000000",
        "quoteQty": "0.09948400",
        "time": 1629972362722,
        "isBuyerMaker": true,
        "isBestMatch": true
    },
    {
        "id": 1842136,
        "price": "0.00226500",
        "qty": "69.00000000",
        "quoteQty": "0.15628500",
        "time": 1629972378932,
        "isBuyerMaker": false,
        "isBestMatch": true
    },
    {
        "id": 1842137,
        "price": "0.00228000",
        "qty": "19.00000000",
        "quoteQty": "0.04332000",
        "time": 1629972378932,
        "isBuyerMaker": false,
        "isBestMatch": true
    },
    {
        "id": 1842138,
        "price": "0.00226200",
        "qty": "46.00000000",
        "quoteQty": "0.10405200",
        "time": 1629972384596,
        "isBuyerMaker": true,
        "isBestMatch": true
    },
    {
        "id": 1842139,
        "price": "0.00227100",
        "qty": "44.00000000",
        "quoteQty": "0.09992400",
        "time": 1629972413063,
        "isBuyerMaker": true,
        "isBestMatch": true
    },
    {
        "id": 1842140,
        "price": "0.00227500",
        "qty": "62.00000000",
        "quoteQty": "0.14105000",
        "time": 1629972435713,
        "isBuyerMaker": true,
        "isBestMatch": true
    },
    {
        "id": 1842141,
        "price": "0.00227400",
        "qty": "62.00000000",
        "quoteQty": "0.14098800",
        "time": 1629972459285,
        "isBuyerMaker": true,
        "isBestMatch": true
    },
    {
        "id": 1842142,
        "price": "0.00227000",
        "qty": "44.00000000",
        "quoteQty": "0.09988000",
        "time": 1629972473560,
        "isBuyerMaker": true,
        "isBestMatch": true
    },
    {
        "id": 1842143,
        "price": "0.00226500",
        "qty": "44.00000000",
        "quoteQty": "0.09966000",
        "time": 1629972492416,
        "isBuyerMaker": false,
        "isBestMatch": true
    },
    {
        "id": 1842144,
        "price": "0.00225700",
        "qty": "25.00000000",
        "quoteQty": "0.05642500",
        "time": 1629972505377,
        "isBuyerMaker": true,
        "isBestMatch": true
    },
    {
        "id": 1842145,
        "price": "0.00225900",
        "qty": "47.00000000",
        "quoteQty": "0.10617300",
        "time": 1629972514403,
        "isBuyerMaker": false,
        "isBestMatch": true
    },
    {
        "id": 1842146,
        "price": "0.00224300",
        "qty": "181.00000000",
        "quoteQty": "0.40598300",
        "time": 1629972536321,
        "isBuyerMaker": true,
        "isBestMatch": true
    },
    {
        "id": 1842147,
        "price": "0.00224000",
        "qty": "120.00000000",
        "quoteQty": "0.26880000",
        "time": 1629972537335,
        "isBuyerMaker": true,
        "isBestMatch": true
    },
    {
        "id": 1842148,
        "price": "0.00224400",
        "qty": "69.00000000",
        "quoteQty": "0.15483600",
        "time": 1629972543512,
        "isBuyerMaker": true,
        "isBestMatch": true
    },
    {
        "id": 1842149,
        "price": "0.00224600",
        "qty": "54.00000000",
        "quoteQty": "0.12128400",
        "time": 1629972584370,
        "isBuyerMaker": false,
        "isBestMatch": true
    },
    {
        "id": 1842150,
        "price": "0.00225100",
        "qty": "60.00000000",
        "quoteQty": "0.13506000",
        "time": 1629972615628,
        "isBuyerMaker": false,
        "isBestMatch": true
    },
    {
        "id": 1842151,
        "price": "0.00225700",
        "qty": "58.00000000",
        "quoteQty": "0.13090600",
        "time": 1629972650364,
        "isBuyerMaker": false,
        "isBestMatch": true
    },
    {
        "id": 1842152,
        "price": "0.00225700",
        "qty": "55.00000000",
        "quoteQty": "0.12413500",
        "time": 1629972685209,
        "isBuyerMaker": true,
        "isBestMatch": true
    },
    {
        "id": 1842153,
        "price": "0.00226000",
        "qty": "50.00000000",
        "quoteQty": "0.11300000",
        "time": 1629972720119,
        "isBuyerMaker": false,
        "isBestMatch": true
    },
    {
        "id": 1842154,
        "price": "0.00226300",
        "qty": "64.00000000",
        "quoteQty": "0.14483200",
        "time": 1629972751993,
        "isBuyerMaker": true,
        "isBestMatch": true
    },
    {
        "id": 1842155,
        "price": "0.00226300",
        "qty": "64.00000000",
        "quoteQty": "0.14483200",
        "time": 1629972789159,
        "isBuyerMaker": true,
        "isBestMatch": true
    },
    {
        "id": 1842156,
        "price": "0.00226300",
        "qty": "44.00000000",
        "quoteQty": "0.09957200",
        "time": 1629972789613,
        "isBuyerMaker": false,
        "isBestMatch": true
    },
    {
        "id": 1842157,
        "price": "0.00226500",
        "qty": "80.00000000",
        "quoteQty": "0.18120000",
        "time": 1629972811638,
        "isBuyerMaker": true,
        "isBestMatch": true
    },
    {
        "id": 1842158,
        "price": "0.00226500",
        "qty": "44.00000000",
        "quoteQty": "0.09966000",
        "time": 1629972859150,
        "isBuyerMaker": true,
        "isBestMatch": true
    },
    {
        "id": 1842159,
        "price": "0.00226500",
        "qty": "123.00000000",
        "quoteQty": "0.27859500",
        "time": 1629972879051,
        "isBuyerMaker": true,
        "isBestMatch": true
    },
    {
        "id": 1842160,
        "price": "0.00226500",
        "qty": "52.00000000",
        "quoteQty": "0.11778000",
        "time": 1629972884174,
        "isBuyerMaker": true,
        "isBestMatch": true
    },
    {
        "id": 1842161,
        "price": "0.00226400",
        "qty": "47.00000000",
        "quoteQty": "0.10640800",
        "time": 1629972915442,
        "isBuyerMaker": true,
        "isBestMatch": true
    },
    {
        "id": 1842162,
        "price": "0.00226400",
        "qty": "44.00000000",
        "quoteQty": "0.09961600",
        "time": 1629972944384,
        "isBuyerMaker": true,
        "isBestMatch": true
    },
    {
        "id": 1842163,
        "price": "0.00226200",
        "qty": "81.00000000",
        "quoteQty": "0.18322200",
        "time": 1629972948579,
        "isBuyerMaker": true,
        "isBestMatch": true
    },
    {
        "id": 1842164,
        "price": "0.00226400",
        "qty": "45.00000000",
        "quoteQty": "0.10188000",
        "time": 1629972965952,
        "isBuyerMaker": false,
        "isBestMatch": true
    },
    {
        "id": 1842165,
        "price": "0.00225800",
        "qty": "85.00000000",
        "quoteQty": "0.19193000",
        "time": 1629972986538,
        "isBuyerMaker": true,
        "isBestMatch": true
    },
    {
        "id": 1842166,
        "price": "0.00225900",
        "qty": "60.00000000",
        "quoteQty": "0.13554000",
        "time": 1629972994176,
        "isBuyerMaker": true,
        "isBestMatch": true
    },
    {
        "id": 1842167,
        "price": "0.00225400",
        "qty": "65.00000000",
        "quoteQty": "0.14651000",
        "time": 1629973008546,
        "isBuyerMaker": true,
        "isBestMatch": true
    },
    {
        "id": 1842168,
        "price": "0.00226200",
        "qty": "57.00000000",
        "quoteQty": "0.12893400",
        "time": 1629973029156,
        "isBuyerMaker": true,
        "isBestMatch": true
    },
    {
        "id": 1842169,
        "price": "0.00225500",
        "qty": "44.00000000",
        "quoteQty": "0.09922000",
        "time": 1629973064240,
        "isBuyerMaker": false,
        "isBestMatch": true
    },
    {
        "id": 1842170,
        "price": "0.00224500",
        "qty": "60.00000000",
        "quoteQty": "0.13470000",
        "time": 1629973092492,
        "isBuyerMaker": false,
        "isBestMatch": true
    },
    {
        "id": 1842171,
        "price": "0.00224900",
        "qty": "411.00000000",
        "quoteQty": "0.92433900",
        "time": 1629973114721,
        "isBuyerMaker": false,
        "isBestMatch": true
    },
    {
        "id": 1842172,
        "price": "0.00225000",
        "qty": "1851.00000000",
        "quoteQty": "4.16475000",
        "time": 1629973114729,
        "isBuyerMaker": false,
        "isBestMatch": true
    },
    {
        "id": 1842173,
        "price": "0.00224500",
        "qty": "46.00000000",
        "quoteQty": "0.10327000",
        "time": 1629973127068,
        "isBuyerMaker": false,
        "isBestMatch": true
    },
    {
        "id": 1842174,
        "price": "0.00224500",
        "qty": "46.00000000",
        "quoteQty": "0.10327000",
        "time": 1629973152659,
        "isBuyerMaker": true,
        "isBestMatch": true
    },
    {
        "id": 1842175,
        "price": "0.00223800",
        "qty": "81.00000000",
        "quoteQty": "0.18127800",
        "time": 1629973155110,
        "isBuyerMaker": true,
        "isBestMatch": true
    },
    {
        "id": 1842176,
        "price": "0.00224600",
        "qty": "49.00000000",
        "quoteQty": "0.11005400",
        "time": 1629973155731,
        "isBuyerMaker": true,
        "isBestMatch": true
    },
    {
        "id": 1842177,
        "price": "0.00224700",
        "qty": "53.00000000",
        "quoteQty": "0.11909100",
        "time": 1629973183952,
        "isBuyerMaker": false,
        "isBestMatch": true
    },
    {
        "id": 1842178,
        "price": "0.00224600",
        "qty": "45.00000000",
        "quoteQty": "0.10107000",
        "time": 1629973215515,
        "isBuyerMaker": false,
        "isBestMatch": true
    },
    {
        "id": 1842179,
        "price": "0.00223100",
        "qty": "145.00000000",
        "quoteQty": "0.32349500",
        "time": 1629973235603,
        "isBuyerMaker": true,
        "isBestMatch": true
    },
    {
        "id": 1842180,
        "price": "0.00223000",
        "qty": "28.00000000",
        "quoteQty": "0.06244000",
        "time": 1629973235603,
        "isBuyerMaker": true,
        "isBestMatch": true
    },
    {
        "id": 1842181,
        "price": "0.00223000",
        "qty": "28.00000000",
        "quoteQty": "0.06244000",
        "time": 1629973235603,
        "isBuyerMaker": true,
        "isBestMatch": true
    },
    {
        "id": 1842182,
        "price": "0.00223000",
        "qty": "36.00000000",
        "quoteQty": "0.08028000",
        "time": 1629973235603,
        "isBuyerMaker": true,
        "isBestMatch": true
    },
    {
        "id": 1842183,
        "price": "0.00223000",
        "qty": "55.00000000",
        "quoteQty": "0.12265000",
        "time": 1629973236122,
        "isBuyerMaker": true,
        "isBestMatch": true
    },
    {
        "id": 1842184,
        "price": "0.00222800",
        "qty": "25.00000000",
        "quoteQty": "0.05570000",
        "time": 1629973236122,
        "isBuyerMaker": true,
        "isBestMatch": true
    },
    {
        "id": 1842185,
        "price": "0.00224500",
        "qty": "55.00000000",
        "quoteQty": "0.12347500",
        "time": 1629973237461,
        "isBuyerMaker": false,
        "isBestMatch": true
    },
    {
        "id": 1842186,
        "price": "0.00222500",
        "qty": "358.00000000",
        "quoteQty": "0.79655000",
        "time": 1629973249429,
        "isBuyerMaker": true,
        "isBestMatch": true
    },
    {
        "id": 1842187,
        "price": "0.00222400",
        "qty": "148.00000000",
        "quoteQty": "0.32915200",
        "time": 1629973249429,
        "isBuyerMaker": true,
        "isBestMatch": true
    },
    {
        "id": 1842188,
        "price": "0.00222300",
        "qty": "28.00000000",
        "quoteQty": "0.06224400",
        "time": 1629973249429,
        "isBuyerMaker": true,
        "isBestMatch": true
    },
    {
        "id": 1842189,
        "price": "0.00222100",
        "qty": "260.00000000",
        "quoteQty": "0.57746000",
        "time": 1629973249429,
        "isBuyerMaker": true,
        "isBestMatch": true
    },
    {
        "id": 1842190,
        "price": "0.00221600",
        "qty": "356.00000000",
        "quoteQty": "0.78889600",
        "time": 1629973249429,
        "isBuyerMaker": true,
        "isBestMatch": true
    },
    {
        "id": 1842191,
        "price": "0.00223300",
        "qty": "45.00000000",
        "quoteQty": "0.10048500",
        "time": 1629973272049,
        "isBuyerMaker": false,
        "isBestMatch": true
    },
    {
        "id": 1842192,
        "price": "0.00223200",
        "qty": "65.00000000",
        "quoteQty": "0.14508000",
        "time": 1629973287732,
        "isBuyerMaker": false,
        "isBestMatch": true
    },
    {
        "id": 1842193,
        "price": "0.00223300",
        "qty": "57.00000000",
        "quoteQty": "0.12728100",
        "time": 1629973325798,
        "isBuyerMaker": true,
        "isBestMatch": true
    },
    {
        "id": 1842194,
        "price": "0.00223800",
        "qty": "69.00000000",
        "quoteQty": "0.15442200",
        "time": 1629973326729,
        "isBuyerMaker": false,
        "isBestMatch": true
    },
    {
        "id": 1842195,
        "price": "0.00223800",
        "qty": "55.00000000",
        "quoteQty": "0.12309000",
        "time": 1629973326872,
        "isBuyerMaker": false,
        "isBestMatch": true
    },
    {
        "id": 1842196,
        "price": "0.00224100",
        "qty": "54.00000000",
        "quoteQty": "0.12101400",
        "time": 1629973360547,
        "isBuyerMaker": false,
        "isBestMatch": true
    },
    {
        "id": 1842197,
        "price": "0.00224200",
        "qty": "66.00000000",
        "quoteQty": "0.14797200",
        "time": 1629973391959,
        "isBuyerMaker": true,
        "isBestMatch": true
    },
    {
        "id": 1842198,
        "price": "0.00224600",
        "qty": "55.00000000",
        "quoteQty": "0.12353000",
        "time": 1629973413157,
        "isBuyerMaker": false,
        "isBestMatch": true
    },
    {
        "id": 1842199,
        "price": "0.00224400",
        "qty": "54.00000000",
        "quoteQty": "0.12117600",
        "time": 1629973432843,
        "isBuyerMaker": false,
        "isBestMatch": true
    },
    {
        "id": 1842200,
        "price": "0.00225700",
        "qty": "73.00000000",
        "quoteQty": "0.16476100",
        "time": 1629973464633,
        "isBuyerMaker": true,
        "isBestMatch": true
    },
    {
        "id": 1842201,
        "price": "0.00225700",
        "qty": "57.00000000",
        "quoteQty": "0.12864900",
        "time": 1629973508579,
        "isBuyerMaker": false,
        "isBestMatch": true
    },
    {
        "id": 1842202,
        "price": "0.00225700",
        "qty": "50.00000000",
        "quoteQty": "0.11285000",
        "time": 1629973543151,
        "isBuyerMaker": true,
        "isBestMatch": true
    },
    {
        "id": 1842203,
        "price": "0.00224400",
        "qty": "54.00000000",
        "quoteQty": "0.12117600",
        "time": 1629973570083,
        "isBuyerMaker": true,
        "isBestMatch": true
    },
    {
        "id": 1842204,
        "price": "0.00224500",
        "qty": "45.00000000",
        "quoteQty": "0.10102500",
        "time": 1629973574676,
        "isBuyerMaker": false,
        "isBestMatch": true
    },
    {
        "id": 1842205,
        "price": "0.00224400",
        "qty": "45.00000000",
        "quoteQty": "0.10098000",
        "time": 1629973596937,
        "isBuyerMaker": false,
        "isBestMatch": true
    },
    {
        "id": 1842206,
        "price": "0.00224400",
        "qty": "45.00000000",
        "quoteQty": "0.10098000",
        "time": 1629973622099,
        "isBuyerMaker": true,
        "isBestMatch": true
    },
    {
        "id": 1842207,
        "price": "0.00224600",
        "qty": "45.00000000",
        "quoteQty": "0.10107000",
        "time": 1629973623348,
        "isBuyerMaker": false,
        "isBestMatch": true
    },
    {
        "id": 1842208,
        "price": "0.00225100",
        "qty": "68.00000000",
        "quoteQty": "0.15306800",
        "time": 1629973644197,
        "isBuyerMaker": true,
        "isBestMatch": true
    },
    {
        "id": 1842209,
        "price": "0.00225100",
        "qty": "157.00000000",
        "quoteQty": "0.35340700",
        "time": 1629973670330,
        "isBuyerMaker": true,
        "isBestMatch": true
    },
    {
        "id": 1842210,
        "price": "0.00225000",
        "qty": "342.00000000",
        "quoteQty": "0.76950000",
        "time": 1629973670330,
        "isBuyerMaker": true,
        "isBestMatch": true
    },
    {
        "id": 1842211,
        "price": "0.00225200",
        "qty": "52.00000000",
        "quoteQty": "0.11710400",
        "time": 1629973685170,
        "isBuyerMaker": true,
        "isBestMatch": true
    },
    {
        "id": 1842212,
        "price": "0.00225300",
        "qty": "44.00000000",
        "quoteQty": "0.09913200",
        "time": 1629973716609,
        "isBuyerMaker": true,
        "isBestMatch": true
    },
    {
        "id": 1842213,
        "price": "0.00225300",
        "qty": "44.00000000",
        "quoteQty": "0.09913200",
        "time": 1629973738487,
        "isBuyerMaker": true,
        "isBestMatch": true
    },
    {
        "id": 1842214,
        "price": "0.00225200",
        "qty": "54.00000000",
        "quoteQty": "0.12160800",
        "time": 1629973763561,
        "isBuyerMaker": true,
        "isBestMatch": true
    },
    {
        "id": 1842215,
        "price": "0.00225300",
        "qty": "44.00000000",
        "quoteQty": "0.09913200",
        "time": 1629973795016,
        "isBuyerMaker": false,
        "isBestMatch": true
    },
    {
        "id": 1842216,
        "price": "0.00226100",
        "qty": "260.00000000",
        "quoteQty": "0.58786000",
        "time": 1629973803690,
        "isBuyerMaker": false,
        "isBestMatch": true
    },
    {
        "id": 1842217,
        "price": "0.00226100",
        "qty": "77.00000000",
        "quoteQty": "0.17409700",
        "time": 1629973820743,
        "isBuyerMaker": true,
        "isBestMatch": true
    },
    {
        "id": 1842218,
        "price": "0.00227200",
        "qty": "25.00000000",
        "quoteQty": "0.05680000",
        "time": 1629973827282,
        "isBuyerMaker": false,
        "isBestMatch": true
    },
    {
        "id": 1842219,
        "price": "0.00227400",
        "qty": "81.00000000",
        "quoteQty": "0.18419400",
        "time": 1629973827315,
        "isBuyerMaker": false,
        "isBestMatch": true
    },
    {
        "id": 1842220,
        "price": "0.00227800",
        "qty": "416.00000000",
        "quoteQty": "0.94764800",
        "time": 1629973827628,
        "isBuyerMaker": false,
        "isBestMatch": true
    },
    {
        "id": 1842221,
        "price": "0.00227900",
        "qty": "257.00000000",
        "quoteQty": "0.58570300",
        "time": 1629973827646,
        "isBuyerMaker": false,
        "isBestMatch": true
    },
    {
        "id": 1842222,
        "price": "0.00228000",
        "qty": "120.00000000",
        "quoteQty": "0.27360000",
        "time": 1629973827653,
        "isBuyerMaker": false,
        "isBestMatch": true
    },
    {
        "id": 1842223,
        "price": "0.00228000",
        "qty": "48.00000000",
        "quoteQty": "0.10944000",
        "time": 1629973868322,
        "isBuyerMaker": true,
        "isBestMatch": true
    },
    {
        "id": 1842224,
        "price": "0.00229700",
        "qty": "27.00000000",
        "quoteQty": "0.06201900",
        "time": 1629973883998,
        "isBuyerMaker": false,
        "isBestMatch": true
    },
    {
        "id": 1842225,
        "price": "0.00229500",
        "qty": "44.00000000",
        "quoteQty": "0.10098000",
        "time": 1629973897118,
        "isBuyerMaker": false,
        "isBestMatch": true
    },
    {
        "id": 1842226,
        "price": "0.00230200",
        "qty": "260.00000000",
        "quoteQty": "0.59852000",
        "time": 1629973899736,
        "isBuyerMaker": false,
        "isBestMatch": true
    },
    {
        "id": 1842227,
        "price": "0.00230400",
        "qty": "142.00000000",
        "quoteQty": "0.32716800",
        "time": 1629973899747,
        "isBuyerMaker": false,
        "isBestMatch": true
    },
    {
        "id": 1842228,
        "price": "0.00230500",
        "qty": "25.00000000",
        "quoteQty": "0.05762500",
        "time": 1629973899755,
        "isBuyerMaker": false,
        "isBestMatch": true
    },
    {
        "id": 1842229,
        "price": "0.00230500",
        "qty": "27.00000000",
        "quoteQty": "0.06223500",
        "time": 1629973899755,
        "isBuyerMaker": false,
        "isBestMatch": true
    },
    {
        "id": 1842230,
        "price": "0.00230500",
        "qty": "27.00000000",
        "quoteQty": "0.06223500",
        "time": 1629973899755,
        "isBuyerMaker": false,
        "isBestMatch": true
    },
    {
        "id": 1842231,
        "price": "0.00230600",
        "qty": "144.00000000",
        "quoteQty": "0.33206400",
        "time": 1629973901240,
        "isBuyerMaker": false,
        "isBestMatch": true
    },
    {
        "id": 1842232,
        "price": "0.00230700",
        "qty": "81.00000000",
        "quoteQty": "0.18686700",
        "time": 1629973902461,
        "isBuyerMaker": false,
        "isBestMatch": true
    },
    {
        "id": 1842233,
        "price": "0.00231100",
        "qty": "45.00000000",
        "quoteQty": "0.10399500",
        "time": 1629973911701,
        "isBuyerMaker": false,
        "isBestMatch": true
    },
    {
        "id": 1842234,
        "price": "0.00230200",
        "qty": "66.00000000",
        "quoteQty": "0.15193200",
        "time": 1629973922714,
        "isBuyerMaker": false,
        "isBestMatch": true
    },
    {
        "id": 1842235,
        "price": "0.00229500",
        "qty": "44.00000000",
        "quoteQty": "0.10098000",
        "time": 1629973950959,
        "isBuyerMaker": true,
        "isBestMatch": true
    },
    {
        "id": 1842236,
        "price": "0.00229400",
        "qty": "44.00000000",
        "quoteQty": "0.10093600",
        "time": 1629973964148,
        "isBuyerMaker": false,
        "isBestMatch": true
    },
    {
        "id": 1842237,
        "price": "0.00229300",
        "qty": "59.00000000",
        "quoteQty": "0.13528700",
        "time": 1629973990012,
        "isBuyerMaker": true,
        "isBestMatch": true
    },
    {
        "id": 1842238,
        "price": "0.00229400",
        "qty": "44.00000000",
        "quoteQty": "0.10093600",
        "time": 1629974010341,
        "isBuyerMaker": false,
        "isBestMatch": true
    },
    {
        "id": 1842239,
        "price": "0.00229200",
        "qty": "44.00000000",
        "quoteQty": "0.10084800",
        "time": 1629974027949,
        "isBuyerMaker": true,
        "isBestMatch": true
    },
    {
        "id": 1842240,
        "price": "0.00229400",
        "qty": "45.00000000",
        "quoteQty": "0.10323000",
        "time": 1629974053730,
        "isBuyerMaker": true,
        "isBestMatch": true
    },
    {
        "id": 1842241,
        "price": "0.00230200",
        "qty": "630.00000000",
        "quoteQty": "1.45026000",
        "time": 1629974055755,
        "isBuyerMaker": false,
        "isBestMatch": true
    },
    {
        "id": 1842242,
        "price": "0.00230200",
        "qty": "579.00000000",
        "quoteQty": "1.33285800",
        "time": 1629974056060,
        "isBuyerMaker": false,
        "isBestMatch": true
    },
    {
        "id": 1842243,
        "price": "0.00230100",
        "qty": "64.00000000",
        "quoteQty": "0.14726400",
        "time": 1629974081167,
        "isBuyerMaker": true,
        "isBestMatch": true
    },
    {
        "id": 1842244,
        "price": "0.00229800",
        "qty": "166.00000000",
        "quoteQty": "0.38146800",
        "time": 1629974093858,
        "isBuyerMaker": true,
        "isBestMatch": true
    },
    {
        "id": 1842245,
        "price": "0.00231500",
        "qty": "25.00000000",
        "quoteQty": "0.05787500",
        "time": 1629974115541,
        "isBuyerMaker": false,
        "isBestMatch": true
    },
    {
        "id": 1842246,
        "price": "0.00232000",
        "qty": "40.00000000",
        "quoteQty": "0.09280000",
        "time": 1629974116984,
        "isBuyerMaker": false,
        "isBestMatch": true
    },
    {
        "id": 1842247,
        "price": "0.00232000",
        "qty": "68.00000000",
        "quoteQty": "0.15776000",
        "time": 1629974116984,
        "isBuyerMaker": false,
        "isBestMatch": true
    },
    {
        "id": 1842248,
        "price": "0.00232000",
        "qty": "30.00000000",
        "quoteQty": "0.06960000",
        "time": 1629974116984,
        "isBuyerMaker": false,
        "isBestMatch": true
    },
    {
        "id": 1842249,
        "price": "0.00232000",
        "qty": "32.00000000",
        "quoteQty": "0.07424000",
        "time": 1629974116984,
        "isBuyerMaker": false,
        "isBestMatch": true
    },
    {
        "id": 1842250,
        "price": "0.00230800",
        "qty": "52.00000000",
        "quoteQty": "0.12001600",
        "time": 1629974119654,
        "isBuyerMaker": true,
        "isBestMatch": true
    },
    {
        "id": 1842251,
        "price": "0.00232300",
        "qty": "55.00000000",
        "quoteQty": "0.12776500",
        "time": 1629974151162,
        "isBuyerMaker": false,
        "isBestMatch": true
    },
    {
        "id": 1842252,
        "price": "0.00233300",
        "qty": "299.00000000",
        "quoteQty": "0.69756700",
        "time": 1629974158714,
        "isBuyerMaker": false,
        "isBestMatch": true
    },
    {
        "id": 1842253,
        "price": "0.00233300",
        "qty": "0.70000000",
        "quoteQty": "0.00163310",
        "time": 1629974158719,
        "isBuyerMaker": false,
        "isBestMatch": true
    },
    {
        "id": 1842254,
        "price": "0.00232800",
        "qty": "43.00000000",
        "quoteQty": "0.10010400",
        "time": 1629974168234,
        "isBuyerMaker": true,
        "isBestMatch": true
    },
    {
        "id": 1842255,
        "price": "0.00234000",
        "qty": "44.80000000",
        "quoteQty": "0.10483200",
        "time": 1629974176388,
        "isBuyerMaker": false,
        "isBestMatch": true
    },
    {
        "id": 1842256,
        "price": "0.00234000",
        "qty": "80.20000000",
        "quoteQty": "0.18766800",
        "time": 1629974176388,
        "isBuyerMaker": false,
        "isBestMatch": true
    },
    {
        "id": 1842257,
        "price": "0.00234000",
        "qty": "0.90000000",
        "quoteQty": "0.00210600",
        "time": 1629974176391,
        "isBuyerMaker": false,
        "isBestMatch": true
    },
    {
        "id": 1842258,
        "price": "0.00234200",
        "qty": "260.00000000",
        "quoteQty": "0.60892000",
        "time": 1629974177802,
        "isBuyerMaker": false,
        "isBestMatch": true
    },
    {
        "id": 1842259,
        "price": "0.00234600",
        "qty": "27.00000000",
        "quoteQty": "0.06334200",
        "time": 1629974182966,
        "isBuyerMaker": false,
        "isBestMatch": true
    },
    {
        "id": 1842260,
        "price": "0.00235300",
        "qty": "25.00000000",
        "quoteQty": "0.05882500",
        "time": 1629974184431,
        "isBuyerMaker": false,
        "isBestMatch": true
    },
    {
        "id": 1842261,
        "price": "0.00235300",
        "qty": "27.00000000",
        "quoteQty": "0.06353100",
        "time": 1629974184431,
        "isBuyerMaker": false,
        "isBestMatch": true
    },
    {
        "id": 1842262,
        "price": "0.00235300",
        "qty": "27.00000000",
        "quoteQty": "0.06353100",
        "time": 1629974184431,
        "isBuyerMaker": false,
        "isBestMatch": true
    },
    {
        "id": 1842263,
        "price": "0.00235400",
        "qty": "141.00000000",
        "quoteQty": "0.33191400",
        "time": 1629974184811,
        "isBuyerMaker": false,
        "isBestMatch": true
    },
    {
        "id": 1842264,
        "price": "0.00235900",
        "qty": "25.00000000",
        "quoteQty": "0.05897500",
        "time": 1629974184933,
        "isBuyerMaker": false,
        "isBestMatch": true
    },
    {
        "id": 1842265,
        "price": "0.00236400",
        "qty": "245.00000000",
        "quoteQty": "0.57918000",
        "time": 1629974184933,
        "isBuyerMaker": false,
        "isBestMatch": true
    },
    {
        "id": 1842266,
        "price": "0.00234400",
        "qty": "56.00000000",
        "quoteQty": "0.13126400",
        "time": 1629974185964,
        "isBuyerMaker": true,
        "isBestMatch": true
    },
    {
        "id": 1842267,
        "price": "0.00235200",
        "qty": "47.00000000",
        "quoteQty": "0.11054400",
        "time": 1629974220624,
        "isBuyerMaker": false,
        "isBestMatch": true
    },
    {
        "id": 1842268,
        "price": "0.00236200",
        "qty": "72.00000000",
        "quoteQty": "0.17006400",
        "time": 1629974243368,
        "isBuyerMaker": false,
        "isBestMatch": true
    },
    {
        "id": 1842269,
        "price": "0.00236200",
        "qty": "585.00000000",
        "quoteQty": "1.38177000",
        "time": 1629974243368,
        "isBuyerMaker": false,
        "isBestMatch": true
    },
    {
        "id": 1842270,
        "price": "0.00236300",
        "qty": "392.00000000",
        "quoteQty": "0.92629600",
        "time": 1629974243368,
        "isBuyerMaker": false,
        "isBestMatch": true
    },
    {
        "id": 1842271,
        "price": "0.00235100",
        "qty": "64.00000000",
        "quoteQty": "0.15046400",
        "time": 1629974252221,
        "isBuyerMaker": false,
        "isBestMatch": true
    },
    {
        "id": 1842272,
        "price": "0.00234300",
        "qty": "56.00000000",
        "quoteQty": "0.13120800",
        "time": 1629974293102,
        "isBuyerMaker": true,
        "isBestMatch": true
    },
    {
        "id": 1842273,
        "price": "0.00235000",
        "qty": "55.00000000",
        "quoteQty": "0.12925000",
        "time": 1629974293384,
        "isBuyerMaker": false,
        "isBestMatch": true
    },
    {
        "id": 1842274,
        "price": "0.00233100",
        "qty": "93.00000000",
        "quoteQty": "0.21678300",
        "time": 1629974328260,
        "isBuyerMaker": true,
        "isBestMatch": true
    },
    {
        "id": 1842275,
        "price": "0.00233000",
        "qty": "116.00000000",
        "quoteQty": "0.27028000",
        "time": 1629974329985,
        "isBuyerMaker": false,
        "isBestMatch": true
    },
    {
        "id": 1842276,
        "price": "0.00232500",
        "qty": "22.00000000",
        "quoteQty": "0.05115000",
        "time": 1629974331532,
        "isBuyerMaker": true,
        "isBestMatch": true
    },
    {
        "id": 1842277,
        "price": "0.00232800",
        "qty": "43.00000000",
        "quoteQty": "0.10010400",
        "time": 1629974334477,
        "isBuyerMaker": false,
        "isBestMatch": true
    },
    {
        "id": 1842278,
        "price": "0.00232700",
        "qty": "43.00000000",
        "quoteQty": "0.10006100",
        "time": 1629974337641,
        "isBuyerMaker": false,
        "isBestMatch": true
    },
    {
        "id": 1842279,
        "price": "0.00232700",
        "qty": "55.00000000",
        "quoteQty": "0.12798500",
        "time": 1629974340746,
        "isBuyerMaker": false,
        "isBestMatch": true
    },
    {
        "id": 1842280,
        "price": "0.00232200",
        "qty": "43.00000000",
        "quoteQty": "0.09984600",
        "time": 1629974378497,
        "isBuyerMaker": false,
        "isBestMatch": true
    },
    {
        "id": 1842281,
        "price": "0.00231500",
        "qty": "25.00000000",
        "quoteQty": "0.05787500",
        "time": 1629974389792,
        "isBuyerMaker": true,
        "isBestMatch": true
    },
    {
        "id": 1842282,
        "price": "0.00230800",
        "qty": "24.00000000",
        "quoteQty": "0.05539200",
        "time": 1629974389792,
        "isBuyerMaker": true,
        "isBestMatch": true
    },
    {
        "id": 1842283,
        "price": "0.00231700",
        "qty": "52.00000000",
        "quoteQty": "0.12048400",
        "time": 1629974400786,
        "isBuyerMaker": true,
        "isBestMatch": true
    },
    {
        "id": 1842284,
        "price": "0.00231700",
        "qty": "52.00000000",
        "quoteQty": "0.12048400",
        "time": 1629974408311,
        "isBuyerMaker": false,
        "isBestMatch": true
    },
    {
        "id": 1842285,
        "price": "0.00231600",
        "qty": "47.00000000",
        "quoteQty": "0.10885200",
        "time": 1629974438584,
        "isBuyerMaker": true,
        "isBestMatch": true
    },
    {
        "id": 1842286,
        "price": "0.00232600",
        "qty": "39.00000000",
        "quoteQty": "0.09071400",
        "time": 1629974448462,
        "isBuyerMaker": false,
        "isBestMatch": true
    },
    {
        "id": 1842287,
        "price": "0.00231700",
        "qty": "43.00000000",
        "quoteQty": "0.09963100",
        "time": 1629974469973,
        "isBuyerMaker": true,
        "isBestMatch": true
    },
    {
        "id": 1842288,
        "price": "0.00231900",
        "qty": "630.00000000",
        "quoteQty": "1.46097000",
        "time": 1629974493837,
        "isBuyerMaker": true,
        "isBestMatch": true
    },
    {
        "id": 1842289,
        "price": "0.00231800",
        "qty": "27.00000000",
        "quoteQty": "0.06258600",
        "time": 1629974498716,
        "isBuyerMaker": true,
        "isBestMatch": true
    },
    {
        "id": 1842290,
        "price": "0.00231700",
        "qty": "16.00000000",
        "quoteQty": "0.03707200",
        "time": 1629974498724,
        "isBuyerMaker": false,
        "isBestMatch": true
    },
    {
        "id": 1842291,
        "price": "0.00232800",
        "qty": "43.00000000",
        "quoteQty": "0.10010400",
        "time": 1629974520739,
        "isBuyerMaker": false,
        "isBestMatch": true
    },
    {
        "id": 1842292,
        "price": "0.00232900",
        "qty": "44.00000000",
        "quoteQty": "0.10247600",
        "time": 1629974524200,
        "isBuyerMaker": true,
        "isBestMatch": true
    },
    {
        "id": 1842293,
        "price": "0.00233100",
        "qty": "93.00000000",
        "quoteQty": "0.21678300",
        "time": 1629974525670,
        "isBuyerMaker": false,
        "isBestMatch": true
    },
    {
        "id": 1842294,
        "price": "0.00234000",
        "qty": "67.00000000",
        "quoteQty": "0.15678000",
        "time": 1629974555956,
        "isBuyerMaker": false,
        "isBestMatch": true
    },
    {
        "id": 1842295,
        "price": "0.00233200",
        "qty": "175.00000000",
        "quoteQty": "0.40810000",
        "time": 1629974583544,
        "isBuyerMaker": true,
        "isBestMatch": true
    },
    {
        "id": 1842296,
        "price": "0.00233200",
        "qty": "91.00000000",
        "quoteQty": "0.21221200",
        "time": 1629974583652,
        "isBuyerMaker": true,
        "isBestMatch": true
    },
    {
        "id": 1842297,
        "price": "0.00233200",
        "qty": "71.00000000",
        "quoteQty": "0.16557200",
        "time": 1629974583678,
        "isBuyerMaker": true,
        "isBestMatch": true
    },
    {
        "id": 1842298,
        "price": "0.00233200",
        "qty": "20.00000000",
        "quoteQty": "0.04664000",
        "time": 1629974586998,
        "isBuyerMaker": false,
        "isBestMatch": true
    },
    {
        "id": 1842299,
        "price": "0.00233500",
        "qty": "51.00000000",
        "quoteQty": "0.11908500",
        "time": 1629974603004,
        "isBuyerMaker": false,
        "isBestMatch": true
    },
    {
        "id": 1842300,
        "price": "0.00234600",
        "qty": "41.00000000",
        "quoteQty": "0.09618600",
        "time": 1629974605585,
        "isBuyerMaker": false,
        "isBestMatch": true
    },
    {
        "id": 1842301,
        "price": "0.00233500",
        "qty": "64.00000000",
        "quoteQty": "0.14944000",
        "time": 1629974637592,
        "isBuyerMaker": true,
        "isBestMatch": true
    },
    {
        "id": 1842302,
        "price": "0.00233600",
        "qty": "58.00000000",
        "quoteQty": "0.13548800",
        "time": 1629974681610,
        "isBuyerMaker": false,
        "isBestMatch": true
    },
    {
        "id": 1842303,
        "price": "0.00233600",
        "qty": "445.00000000",
        "quoteQty": "1.03952000",
        "time": 1629974688745,
        "isBuyerMaker": true,
        "isBestMatch": true
    },
    {
        "id": 1842304,
        "price": "0.00234200",
        "qty": "150.00000000",
        "quoteQty": "0.35130000",
        "time": 1629974691768,
        "isBuyerMaker": false,
        "isBestMatch": true
    },
    {
        "id": 1842305,
        "price": "0.00234000",
        "qty": "154.00000000",
        "quoteQty": "0.36036000",
        "time": 1629974701875,
        "isBuyerMaker": true,
        "isBestMatch": true
    },
    {
        "id": 1842306,
        "price": "0.00234000",
        "qty": "51.00000000",
        "quoteQty": "0.11934000",
        "time": 1629974722506,
        "isBuyerMaker": true,
        "isBestMatch": true
    },
    {
        "id": 1842307,
        "price": "0.00234300",
        "qty": "43.00000000",
        "quoteQty": "0.10074900",
        "time": 1629974759978,
        "isBuyerMaker": false,
        "isBestMatch": true
    },
    {
        "id": 1842308,
        "price": "0.00234500",
        "qty": "43.00000000",
        "quoteQty": "0.10083500",
        "time": 1629974791447,
        "isBuyerMaker": true,
        "isBestMatch": true
    },
    {
        "id": 1842309,
        "price": "0.00235900",
        "qty": "25.00000000",
        "quoteQty": "0.05897500",
        "time": 1629974813294,
        "isBuyerMaker": false,
        "isBestMatch": true
    },
    {
        "id": 1842310,
        "price": "0.00235500",
        "qty": "43.00000000",
        "quoteQty": "0.10126500",
        "time": 1629974813879,
        "isBuyerMaker": true,
        "isBestMatch": true
    },
    {
        "id": 1842311,
        "price": "0.00236500",
        "qty": "344.00000000",
        "quoteQty": "0.81356000",
        "time": 1629974814166,
        "isBuyerMaker": false,
        "isBestMatch": true
    },
    {
        "id": 1842312,
        "price": "0.00236500",
        "qty": "0.20000000",
        "quoteQty": "0.00047300",
        "time": 1629974814194,
        "isBuyerMaker": false,
        "isBestMatch": true
    },
    {
        "id": 1842313,
        "price": "0.00236600",
        "qty": "299.00000000",
        "quoteQty": "0.70743400",
        "time": 1629974814245,
        "isBuyerMaker": false,
        "isBestMatch": true
    },
    {
        "id": 1842314,
        "price": "0.00236600",
        "qty": "0.70000000",
        "quoteQty": "0.00165620",
        "time": 1629974814246,
        "isBuyerMaker": false,
        "isBestMatch": true
    },
    {
        "id": 1842315,
        "price": "0.00236700",
        "qty": "51.10000000",
        "quoteQty": "0.12095370",
        "time": 1629974814566,
        "isBuyerMaker": false,
        "isBestMatch": true
    },
    {
        "id": 1842316,
        "price": "0.00236900",
        "qty": "32.00000000",
        "quoteQty": "0.07580800",
        "time": 1629974814963,
        "isBuyerMaker": false,
        "isBestMatch": true
    },
    {
        "id": 1842317,
        "price": "0.00236900",
        "qty": "29.00000000",
        "quoteQty": "0.06870100",
        "time": 1629974814963,
        "isBuyerMaker": false,
        "isBestMatch": true
    },
    {
        "id": 1842318,
        "price": "0.00235900",
        "qty": "299.00000000",
        "quoteQty": "0.70534100",
        "time": 1629974836236,
        "isBuyerMaker": true,
        "isBestMatch": true
    },
    {
        "id": 1842319,
        "price": "0.00235900",
        "qty": "125.00000000",
        "quoteQty": "0.29487500",
        "time": 1629974836236,
        "isBuyerMaker": true,
        "isBestMatch": true
    },
    {
        "id": 1842320,
        "price": "0.00236000",
        "qty": "47.00000000",
        "quoteQty": "0.11092000",
        "time": 1629974836520,
        "isBuyerMaker": true,
        "isBestMatch": true
    },
    {
        "id": 1842321,
        "price": "0.00235900",
        "qty": "421.00000000",
        "quoteQty": "0.99313900",
        "time": 1629974837094,
        "isBuyerMaker": true,
        "isBestMatch": true
    },
    {
        "id": 1842322,
        "price": "0.00235400",
        "qty": "43.00000000",
        "quoteQty": "0.10122200",
        "time": 1629974864375,
        "isBuyerMaker": true,
        "isBestMatch": true
    },
    {
        "id": 1842323,
        "price": "0.00235400",
        "qty": "178.00000000",
        "quoteQty": "0.41901200",
        "time": 1629974864375,
        "isBuyerMaker": true,
        "isBestMatch": true
    },
    {
        "id": 1842324,
        "price": "0.00235400",
        "qty": "86.00000000",
        "quoteQty": "0.20244400",
        "time": 1629974864387,
        "isBuyerMaker": true,
        "isBestMatch": true
    },
    {
        "id": 1842325,
        "price": "0.00235400",
        "qty": "486.00000000",
        "quoteQty": "1.14404400",
        "time": 1629974864392,
        "isBuyerMaker": true,
        "isBestMatch": true
    },
    {
        "id": 1842326,
        "price": "0.00235800",
        "qty": "54.00000000",
        "quoteQty": "0.12733200",
        "time": 1629974871241,
        "isBuyerMaker": true,
        "isBestMatch": true
    },
    {
        "id": 1842327,
        "price": "0.00234600",
        "qty": "106.00000000",
        "quoteQty": "0.24867600",
        "time": 1629974901567,
        "isBuyerMaker": true,
        "isBestMatch": true
    },
    {
        "id": 1842328,
        "price": "0.00235200",
        "qty": "43.00000000",
        "quoteQty": "0.10113600",
        "time": 1629974908884,
        "isBuyerMaker": false,
        "isBestMatch": true
    },
    {
        "id": 1842329,
        "price": "0.00234400",
        "qty": "43.00000000",
        "quoteQty": "0.10079200",
        "time": 1629974914396,
        "isBuyerMaker": true,
