[
    {
        "id": 13939118,
        "price": "0.00017450",
        "qty": "4734.00000000",
        "quoteQty": "0.82608300",
        "time": 1629973069835,
        "isBuyerMaker": false,
        "isBestMatch": true
    },
    {
        "id": 13939119,
        "price": "0.00017430",
        "qty": "591.00000000",
        "quoteQty": "0.10301130",
        "time": 1629973162373,
        "isBuyerMaker": true,
        "isBestMatch": true
    },
    {
        "id": 13939120,
        "price": "0.00017440",
        "qty": "300.00000000",
        "quoteQty": "0.05232000",
        "time": 1629973222313,
        "isBuyerMaker": true,
        "isBestMatch": true
    },
    {
        "id": 13939121,
        "price": "0.00017450",
        "qty": "533.00000000",
        "quoteQty": "0.09300850",
        "time": 1629973226435,
        "isBuyerMaker": false,
        "isBestMatch": true
    },
    {
        "id": 13939122,
        "price": "0.00017450",
        "qty": "299.00000000",
        "quoteQty": "0.05217550",
        "time": 1629973239186,
        "isBuyerMaker": false,
        "isBestMatch": true
    },
    {
        "id": 13939123,
        "price": "0.00017450",
        "qty": "299.00000000",
        "quoteQty": "0.05217550",
        "time": 1629973239186,
        "isBuyerMaker": false,
        "isBestMatch": true
    },
    {
        "id": 13939124,
        "price": "0.00017470",
        "qty": "562.00000000",
        "quoteQty": "0.09818140",
        "time": 1629973239186,
        "isBuyerMaker": false,
        "isBestMatch": true
    },
    {
        "id": 13939125,
        "price": "0.00017440",
        "qty": "6871.00000000",
        "quoteQty": "1.19830240",
        "time": 1629973245058,
        "isBuyerMaker": true,
        "isBestMatch": true
    },
    {
        "id": 13939126,
        "price": "0.00017440",
        "qty": "5409.00000000",
        "quoteQty": "0.94332960",
        "time": 1629973247058,
        "isBuyerMaker": true,
        "isBestMatch": true
    },
    {
        "id": 13939127,
        "price": "0.00017430",
        "qty": "1462.00000000",
        "quoteQty": "0.25482660",
        "time": 1629973247058,
        "isBuyerMaker": true,
        "isBestMatch": true
    },
    {
        "id": 13939128,
        "price": "0.00017430",
        "qty": "6871.00000000",
        "quoteQty": "1.19761530",
        "time": 1629973248058,
        "isBuyerMaker": true,
        "isBestMatch": true
    },
    {
        "id": 13939129,
        "price": "0.00017430",
        "qty": "300.00000000",
        "quoteQty": "0.05229000",
        "time": 1629973251885,
        "isBuyerMaker": true,
        "isBestMatch": true
    },
    {
        "id": 13939130,
        "price": "0.00017430",
        "qty": "555.00000000",
        "quoteQty": "0.09673650",
        "time": 1629973298632,
        "isBuyerMaker": false,
        "isBestMatch": true
    },
    {
        "id": 13939131,
        "price": "0.00017430",
        "qty": "445.00000000",
        "quoteQty": "0.07756350",
        "time": 1629973298688,
        "isBuyerMaker": false,
        "isBestMatch": true
    },
    {
        "id": 13939132,
        "price": "0.00017450",
        "qty": "401.00000000",
        "quoteQty": "0.06997450",
        "time": 1629973342258,
        "isBuyerMaker": false,
        "isBestMatch": true
    },
    {
        "id": 13939133,
        "price": "0.00017450",
        "qty": "1413.00000000",
        "quoteQty": "0.24656850",
        "time": 1629973377888,
        "isBuyerMaker": false,
        "isBestMatch": true
    },
    {
        "id": 13939134,
        "price": "0.00017460",
        "qty": "1131.00000000",
        "quoteQty": "0.19747260",
        "time": 1629973416974,
        "isBuyerMaker": false,
        "isBestMatch": true
    },
    {
        "id": 13939135,
        "price": "0.00017460",
        "qty": "3404.00000000",
        "quoteQty": "0.59433840",
        "time": 1629973541453,
        "isBuyerMaker": false,
        "isBestMatch": true
    },
    {
        "id": 13939136,
        "price": "0.00017450",
        "qty": "658.00000000",
        "quoteQty": "0.11482100",
        "time": 1629973569679,
        "isBuyerMaker": false,
        "isBestMatch": true
    },
    {
        "id": 13939137,
        "price": "0.00017460",
        "qty": "458.00000000",
        "quoteQty": "0.07996680",
        "time": 1629973590588,
        "isBuyerMaker": false,
        "isBestMatch": true
    },
    {
        "id": 13939138,
        "price": "0.00017460",
        "qty": "1849.00000000",
        "quoteQty": "0.32283540",
        "time": 1629973603043,
        "isBuyerMaker": false,
        "isBestMatch": true
    },
    {
        "id": 13939139,
        "price": "0.00017430",
        "qty": "3924.00000000",
        "quoteQty": "0.68395320",
        "time": 1629973609021,
        "isBuyerMaker": true,
        "isBestMatch": true
    },
    {
        "id": 13939140,
        "price": "0.00017430",
        "qty": "1010.00000000",
        "quoteQty": "0.17604300",
        "time": 1629973609021,
        "isBuyerMaker": true,
        "isBestMatch": true
    },
    {
        "id": 13939141,
        "price": "0.00017430",
        "qty": "39562.00000000",
        "quoteQty": "6.89565660",
        "time": 1629973609030,
        "isBuyerMaker": false,
        "isBestMatch": true
    },
    {
        "id": 13939142,
        "price": "0.00017430",
        "qty": "533.00000000",
        "quoteQty": "0.09290190",
        "time": 1629973686881,
        "isBuyerMaker": true,
        "isBestMatch": true
    },
    {
        "id": 13939143,
        "price": "0.00017430",
        "qty": "3391.00000000",
        "quoteQty": "0.59105130",
        "time": 1629973733515,
        "isBuyerMaker": true,
        "isBestMatch": true
    },
    {
        "id": 13939144,
        "price": "0.00017430",
        "qty": "533.00000000",
        "quoteQty": "0.09290190",
        "time": 1629973733515,
        "isBuyerMaker": true,
        "isBestMatch": true
    },
    {
        "id": 13939145,
        "price": "0.00017430",
        "qty": "3757.00000000",
        "quoteQty": "0.65484510",
        "time": 1629973733535,
        "isBuyerMaker": false,
        "isBestMatch": true
    },
    {
        "id": 13939146,
        "price": "0.00017430",
        "qty": "25915.00000000",
        "quoteQty": "4.51698450",
        "time": 1629973733591,
        "isBuyerMaker": false,
        "isBestMatch": true
    },
    {
        "id": 13939147,
        "price": "0.00017430",
        "qty": "673.00000000",
        "quoteQty": "0.11730390",
        "time": 1629973818819,
        "isBuyerMaker": true,
        "isBestMatch": true
    },
    {
        "id": 13939148,
        "price": "0.00017450",
        "qty": "3265.00000000",
        "quoteQty": "0.56974250",
        "time": 1629973825339,
        "isBuyerMaker": false,
        "isBestMatch": true
    },
    {
        "id": 13939149,
        "price": "0.00017450",
        "qty": "3265.00000000",
        "quoteQty": "0.56974250",
        "time": 1629973826637,
        "isBuyerMaker": false,
        "isBestMatch": true
    },
    {
        "id": 13939150,
        "price": "0.00017450",
        "qty": "294.00000000",
        "quoteQty": "0.05130300",
        "time": 1629973883319,
        "isBuyerMaker": true,
        "isBestMatch": true
    },
    {
        "id": 13939151,
        "price": "0.00017450",
        "qty": "400.00000000",
        "quoteQty": "0.06980000",
        "time": 1629973922945,
        "isBuyerMaker": false,
        "isBestMatch": true
    },
    {
        "id": 13939152,
        "price": "0.00017430",
        "qty": "4326.00000000",
        "quoteQty": "0.75402180",
        "time": 1629973960420,
        "isBuyerMaker": true,
        "isBestMatch": true
    },
    {
        "id": 13939153,
        "price": "0.00017450",
        "qty": "622.00000000",
        "quoteQty": "0.10853900",
        "time": 1629973980284,
        "isBuyerMaker": false,
        "isBestMatch": true
    },
    {
        "id": 13939154,
        "price": "0.00017420",
        "qty": "614.00000000",
        "quoteQty": "0.10695880",
        "time": 1629974017516,
        "isBuyerMaker": true,
        "isBestMatch": true
    },
    {
        "id": 13939155,
        "price": "0.00017420",
        "qty": "574.00000000",
        "quoteQty": "0.09999080",
        "time": 1629974076094,
        "isBuyerMaker": false,
        "isBestMatch": true
    },
    {
        "id": 13939156,
        "price": "0.00017430",
        "qty": "999.00000000",
        "quoteQty": "0.17412570",
        "time": 1629974083631,
        "isBuyerMaker": false,
        "isBestMatch": true
    },
    {
        "id": 13939157,
        "price": "0.00017410",
        "qty": "591.00000000",
        "quoteQty": "0.10289310",
        "time": 1629974083649,
        "isBuyerMaker": true,
        "isBestMatch": true
    },
    {
        "id": 13939158,
        "price": "0.00017400",
        "qty": "290.00000000",
        "quoteQty": "0.05046000",
        "time": 1629974087201,
        "isBuyerMaker": true,
        "isBestMatch": true
    },
    {
        "id": 13939159,
        "price": "0.00017400",
        "qty": "4942.00000000",
        "quoteQty": "0.85990800",
        "time": 1629974087201,
        "isBuyerMaker": true,
        "isBestMatch": true
    },
    {
        "id": 13939160,
        "price": "0.00017390",
        "qty": "592.00000000",
        "quoteQty": "0.10294880",
        "time": 1629974094521,
        "isBuyerMaker": true,
        "isBestMatch": true
    },
    {
        "id": 13939161,
        "price": "0.00017390",
        "qty": "3158.00000000",
        "quoteQty": "0.54917620",
        "time": 1629974094521,
        "isBuyerMaker": true,
        "isBestMatch": true
    },
    {
        "id": 13939162,
        "price": "0.00017390",
        "qty": "16905.00000000",
        "quoteQty": "2.93977950",
        "time": 1629974094521,
        "isBuyerMaker": true,
        "isBestMatch": true
    },
    {
        "id": 13939163,
        "price": "0.00017390",
        "qty": "4205.00000000",
        "quoteQty": "0.73124950",
        "time": 1629974094528,
        "isBuyerMaker": true,
        "isBestMatch": true
    },
    {
        "id": 13939164,
        "price": "0.00017390",
        "qty": "956.00000000",
        "quoteQty": "0.16624840",
        "time": 1629974094528,
        "isBuyerMaker": true,
        "isBestMatch": true
    },
    {
        "id": 13939165,
        "price": "0.00017380",
        "qty": "2943.00000000",
        "quoteQty": "0.51149340",
        "time": 1629974094546,
        "isBuyerMaker": true,
        "isBestMatch": true
    },
    {
        "id": 13939166,
        "price": "0.00017380",
        "qty": "4874.00000000",
        "quoteQty": "0.84710120",
        "time": 1629974094546,
        "isBuyerMaker": true,
        "isBestMatch": true
    },
    {
        "id": 13939167,
        "price": "0.00017370",
        "qty": "4894.00000000",
        "quoteQty": "0.85008780",
        "time": 1629974094546,
        "isBuyerMaker": true,
        "isBestMatch": true
    },
    {
        "id": 13939168,
        "price": "0.00017370",
        "qty": "601.00000000",
        "quoteQty": "0.10439370",
        "time": 1629974105051,
        "isBuyerMaker": true,
        "isBestMatch": true
    },
    {
        "id": 13939169,
        "price": "0.00017390",
        "qty": "1246.00000000",
        "quoteQty": "0.21667940",
        "time": 1629974106129,
        "isBuyerMaker": false,
        "isBestMatch": true
    },
    {
        "id": 13939170,
        "price": "0.00017370",
        "qty": "6596.00000000",
        "quoteQty": "1.14572520",
        "time": 1629974106556,
        "isBuyerMaker": true,
        "isBestMatch": true
    },
    {
        "id": 13939171,
        "price": "0.00017370",
        "qty": "592.00000000",
        "quoteQty": "0.10283040",
        "time": 1629974106556,
        "isBuyerMaker": true,
        "isBestMatch": true
    },
    {
        "id": 13939172,
        "price": "0.00017370",
        "qty": "593.00000000",
        "quoteQty": "0.10300410",
        "time": 1629974106556,
        "isBuyerMaker": true,
        "isBestMatch": true
    },
    {
        "id": 13939173,
        "price": "0.00017370",
        "qty": "581.00000000",
        "quoteQty": "0.10091970",
        "time": 1629974106556,
        "isBuyerMaker": true,
        "isBestMatch": true
    },
    {
        "id": 13939174,
        "price": "0.00017370",
        "qty": "4945.00000000",
        "quoteQty": "0.85894650",
        "time": 1629974106556,
        "isBuyerMaker": true,
        "isBestMatch": true
    },
    {
        "id": 13939175,
        "price": "0.00017400",
        "qty": "1717.00000000",
        "quoteQty": "0.29875800",
        "time": 1629974121589,
        "isBuyerMaker": false,
        "isBestMatch": true
    },
    {
        "id": 13939176,
        "price": "0.00017370",
        "qty": "2303.00000000",
        "quoteQty": "0.40003110",
        "time": 1629974140883,
        "isBuyerMaker": true,
        "isBestMatch": true
    },
    {
        "id": 13939177,
        "price": "0.00017370",
        "qty": "830.00000000",
        "quoteQty": "0.14417100",
        "time": 1629974140883,
        "isBuyerMaker": true,
        "isBestMatch": true
    },
    {
        "id": 13939178,
        "price": "0.00017360",
        "qty": "9423.00000000",
        "quoteQty": "1.63583280",
        "time": 1629974140883,
        "isBuyerMaker": true,
        "isBestMatch": true
    },
    {
        "id": 13939179,
        "price": "0.00017360",
        "qty": "8813.00000000",
        "quoteQty": "1.52993680",
        "time": 1629974140883,
        "isBuyerMaker": true,
        "isBestMatch": true
    },
    {
        "id": 13939180,
        "price": "0.00017360",
        "qty": "21368.00000000",
        "quoteQty": "3.70948480",
        "time": 1629974142887,
        "isBuyerMaker": true,
        "isBestMatch": true
    },
    {
        "id": 13939181,
        "price": "0.00017360",
        "qty": "21368.00000000",
        "quoteQty": "3.70948480",
        "time": 1629974143886,
        "isBuyerMaker": true,
        "isBestMatch": true
    },
    {
        "id": 13939182,
        "price": "0.00017380",
        "qty": "3930.00000000",
        "quoteQty": "0.68303400",
        "time": 1629974149935,
        "isBuyerMaker": false,
        "isBestMatch": true
    },
    {
        "id": 13939183,
        "price": "0.00017380",
        "qty": "3930.00000000",
        "quoteQty": "0.68303400",
        "time": 1629974150794,
        "isBuyerMaker": false,
        "isBestMatch": true
    },
    {
        "id": 13939184,
        "price": "0.00017400",
        "qty": "589.00000000",
        "quoteQty": "0.10248600",
        "time": 1629974161740,
        "isBuyerMaker": false,
        "isBestMatch": true
    },
    {
        "id": 13939185,
        "price": "0.00017400",
        "qty": "559.00000000",
        "quoteQty": "0.09726600",
        "time": 1629974167933,
        "isBuyerMaker": false,
        "isBestMatch": true
    },
    {
        "id": 13939186,
        "price": "0.00017400",
        "qty": "5000.00000000",
        "quoteQty": "0.87000000",
        "time": 1629974168185,
        "isBuyerMaker": false,
        "isBestMatch": true
    },
    {
        "id": 13939187,
        "price": "0.00017400",
        "qty": "1770.00000000",
        "quoteQty": "0.30798000",
        "time": 1629974168233,
        "isBuyerMaker": false,
        "isBestMatch": true
    },
    {
        "id": 13939188,
        "price": "0.00017400",
        "qty": "1796.00000000",
        "quoteQty": "0.31250400",
        "time": 1629974168388,
        "isBuyerMaker": false,
        "isBestMatch": true
    },
    {
        "id": 13939189,
        "price": "0.00017400",
        "qty": "589.00000000",
        "quoteQty": "0.10248600",
        "time": 1629974168388,
        "isBuyerMaker": false,
        "isBestMatch": true
    },
    {
        "id": 13939190,
        "price": "0.00017400",
        "qty": "6800.00000000",
        "quoteQty": "1.18320000",
        "time": 1629974173137,
        "isBuyerMaker": false,
        "isBestMatch": true
    },
    {
        "id": 13939191,
        "price": "0.00017410",
        "qty": "4953.00000000",
        "quoteQty": "0.86231730",
        "time": 1629974174491,
        "isBuyerMaker": false,
        "isBestMatch": true
    },
    {
        "id": 13939192,
        "price": "0.00017380",
        "qty": "450.00000000",
        "quoteQty": "0.07821000",
        "time": 1629974254034,
        "isBuyerMaker": true,
        "isBestMatch": true
    },
    {
        "id": 13939193,
        "price": "0.00017410",
        "qty": "574.00000000",
        "quoteQty": "0.09993340",
        "time": 1629974264396,
        "isBuyerMaker": false,
        "isBestMatch": true
    },
    {
        "id": 13939194,
        "price": "0.00017380",
        "qty": "2691.00000000",
        "quoteQty": "0.46769580",
        "time": 1629974288345,
        "isBuyerMaker": true,
        "isBestMatch": true
    },
    {
        "id": 13939195,
        "price": "0.00017400",
        "qty": "3351.00000000",
        "quoteQty": "0.58307400",
        "time": 1629974332346,
        "isBuyerMaker": true,
        "isBestMatch": true
    },
    {
        "id": 13939196,
        "price": "0.00017400",
        "qty": "4183.00000000",
        "quoteQty": "0.72784200",
        "time": 1629974334894,
        "isBuyerMaker": true,
        "isBestMatch": true
    },
    {
        "id": 13939197,
        "price": "0.00017380",
        "qty": "9048.00000000",
        "quoteQty": "1.57254240",
        "time": 1629974374170,
        "isBuyerMaker": true,
        "isBestMatch": true
    },
    {
        "id": 13939198,
        "price": "0.00017380",
        "qty": "530.00000000",
        "quoteQty": "0.09211400",
        "time": 1629974374170,
        "isBuyerMaker": true,
        "isBestMatch": true
    },
    {
        "id": 13939199,
        "price": "0.00017370",
        "qty": "1018.00000000",
        "quoteQty": "0.17682660",
        "time": 1629974398863,
        "isBuyerMaker": true,
        "isBestMatch": true
    },
    {
        "id": 13939200,
        "price": "0.00017400",
        "qty": "1097.00000000",
        "quoteQty": "0.19087800",
        "time": 1629974412956,
        "isBuyerMaker": false,
        "isBestMatch": true
    },
    {
        "id": 13939201,
        "price": "0.00017400",
        "qty": "300.00000000",
        "quoteQty": "0.05220000",
        "time": 1629974442089,
        "isBuyerMaker": false,
        "isBestMatch": true
    },
    {
        "id": 13939202,
        "price": "0.00017410",
        "qty": "1135.00000000",
        "quoteQty": "0.19760350",
        "time": 1629974480577,
        "isBuyerMaker": false,
        "isBestMatch": true
    },
    {
        "id": 13939203,
        "price": "0.00017400",
        "qty": "1198.00000000",
        "quoteQty": "0.20845200",
        "time": 1629974499919,
        "isBuyerMaker": true,
        "isBestMatch": true
    },
    {
        "id": 13939204,
        "price": "0.00017400",
        "qty": "4878.00000000",
        "quoteQty": "0.84877200",
        "time": 1629974522423,
        "isBuyerMaker": false,
        "isBestMatch": true
    },
    {
        "id": 13939205,
        "price": "0.00017400",
        "qty": "76597.00000000",
        "quoteQty": "13.32787800",
        "time": 1629974522423,
        "isBuyerMaker": false,
        "isBestMatch": true
    },
    {
        "id": 13939206,
        "price": "0.00017410",
        "qty": "28.00000000",
        "quoteQty": "0.00487480",
        "time": 1629974601931,
        "isBuyerMaker": false,
        "isBestMatch": true
    },
    {
        "id": 13939207,
        "price": "0.00017410",
        "qty": "10198.00000000",
        "quoteQty": "1.77547180",
        "time": 1629974601931,
        "isBuyerMaker": false,
        "isBestMatch": true
    },
    {
        "id": 13939208,
        "price": "0.00017420",
        "qty": "592.00000000",
        "quoteQty": "0.10312640",
        "time": 1629974623941,
        "isBuyerMaker": false,
        "isBestMatch": true
    },
    {
        "id": 13939209,
        "price": "0.00017420",
        "qty": "905.00000000",
        "quoteQty": "0.15765100",
        "time": 1629974623941,
        "isBuyerMaker": false,
        "isBestMatch": true
    },
    {
        "id": 13939210,
        "price": "0.00017420",
        "qty": "995.00000000",
        "quoteQty": "0.17332900",
        "time": 1629974623951,
        "isBuyerMaker": false,
        "isBestMatch": true
    },
    {
        "id": 13939211,
        "price": "0.00017410",
        "qty": "370.00000000",
        "quoteQty": "0.06441700",
        "time": 1629974624397,
        "isBuyerMaker": true,
        "isBestMatch": true
    },
    {
        "id": 13939212,
        "price": "0.00017430",
        "qty": "13316.00000000",
        "quoteQty": "2.32097880",
        "time": 1629974626388,
        "isBuyerMaker": false,
        "isBestMatch": true
    },
    {
        "id": 13939213,
        "price": "0.00017430",
        "qty": "6714.00000000",
        "quoteQty": "1.17025020",
        "time": 1629974626398,
        "isBuyerMaker": false,
        "isBestMatch": true
    },
    {
        "id": 13939214,
        "price": "0.00017430",
        "qty": "9232.00000000",
        "quoteQty": "1.60913760",
        "time": 1629974626398,
        "isBuyerMaker": false,
        "isBestMatch": true
    },
    {
        "id": 13939215,
        "price": "0.00017430",
        "qty": "3450.00000000",
        "quoteQty": "0.60133500",
        "time": 1629974628625,
        "isBuyerMaker": false,
        "isBestMatch": true
    },
    {
        "id": 13939216,
        "price": "0.00017430",
        "qty": "3450.00000000",
        "quoteQty": "0.60133500",
        "time": 1629974629858,
        "isBuyerMaker": true,
        "isBestMatch": true
    },
    {
        "id": 13939217,
        "price": "0.00017440",
        "qty": "592.00000000",
        "quoteQty": "0.10324480",
        "time": 1629974631094,
        "isBuyerMaker": false,
        "isBestMatch": true
    },
    {
        "id": 13939218,
        "price": "0.00017440",
        "qty": "6472.00000000",
        "quoteQty": "1.12871680",
        "time": 1629974631094,
        "isBuyerMaker": false,
        "isBestMatch": true
    },
    {
        "id": 13939219,
        "price": "0.00017440",
        "qty": "2996.00000000",
        "quoteQty": "0.52250240",
        "time": 1629974631094,
        "isBuyerMaker": false,
        "isBestMatch": true
    },
    {
        "id": 13939220,
        "price": "0.00017460",
        "qty": "591.00000000",
        "quoteQty": "0.10318860",
        "time": 1629974636092,
        "isBuyerMaker": false,
        "isBestMatch": true
    },
    {
        "id": 13939221,
        "price": "0.00017460",
        "qty": "4889.00000000",
        "quoteQty": "0.85361940",
        "time": 1629974636092,
        "isBuyerMaker": false,
        "isBestMatch": true
    },
    {
        "id": 13939222,
        "price": "0.00017460",
        "qty": "4390.00000000",
        "quoteQty": "0.76649400",
        "time": 1629974636100,
        "isBuyerMaker": false,
        "isBestMatch": true
    },
    {
        "id": 13939223,
        "price": "0.00017470",
        "qty": "3416.00000000",
        "quoteQty": "0.59677520",
        "time": 1629974638639,
        "isBuyerMaker": false,
        "isBestMatch": true
    },
    {
        "id": 13939224,
        "price": "0.00017480",
        "qty": "590.00000000",
        "quoteQty": "0.10313200",
        "time": 1629974641096,
        "isBuyerMaker": false,
        "isBestMatch": true
    },
    {
        "id": 13939225,
        "price": "0.00017480",
        "qty": "4457.00000000",
        "quoteQty": "0.77908360",
        "time": 1629974641096,
        "isBuyerMaker": false,
        "isBestMatch": true
    },
    {
        "id": 13939226,
        "price": "0.00017480",
        "qty": "106.00000000",
        "quoteQty": "0.01852880",
        "time": 1629974641096,
        "isBuyerMaker": false,
        "isBestMatch": true
    },
    {
        "id": 13939227,
        "price": "0.00017480",
        "qty": "2184.00000000",
        "quoteQty": "0.38176320",
        "time": 1629974641234,
        "isBuyerMaker": false,
        "isBestMatch": true
    },
    {
        "id": 13939228,
        "price": "0.00017480",
        "qty": "4111.00000000",
        "quoteQty": "0.71860280",
        "time": 1629974657053,
        "isBuyerMaker": false,
        "isBestMatch": true
    },
    {
        "id": 13939229,
        "price": "0.00017480",
        "qty": "3003.00000000",
        "quoteQty": "0.52492440",
        "time": 1629974657053,
        "isBuyerMaker": false,
        "isBestMatch": true
    },
    {
        "id": 13939230,
        "price": "0.00017480",
        "qty": "1338.00000000",
        "quoteQty": "0.23388240",
        "time": 1629974657053,
        "isBuyerMaker": false,
        "isBestMatch": true
    },
    {
        "id": 13939231,
        "price": "0.00017480",
        "qty": "952.00000000",
        "quoteQty": "0.16640960",
        "time": 1629974657140,
        "isBuyerMaker": false,
        "isBestMatch": true
    },
    {
        "id": 13939232,
        "price": "0.00017460",
        "qty": "9212.00000000",
        "quoteQty": "1.60841520",
        "time": 1629974664103,
        "isBuyerMaker": true,
        "isBestMatch": true
    },
    {
        "id": 13939233,
        "price": "0.00017450",
        "qty": "425.00000000",
        "quoteQty": "0.07416250",
        "time": 1629974665776,
        "isBuyerMaker": true,
        "isBestMatch": true
    },
    {
        "id": 13939234,
        "price": "0.00017450",
        "qty": "3200.00000000",
        "quoteQty": "0.55840000",
        "time": 1629974667724,
        "isBuyerMaker": true,
        "isBestMatch": true
    },
    {
        "id": 13939235,
        "price": "0.00017450",
        "qty": "425.00000000",
        "quoteQty": "0.07416250",
        "time": 1629974667724,
        "isBuyerMaker": true,
        "isBestMatch": true
    },
    {
        "id": 13939236,
        "price": "0.00017440",
        "qty": "7237.00000000",
        "quoteQty": "1.26213280",
        "time": 1629974689106,
        "isBuyerMaker": true,
        "isBestMatch": true
    },
    {
        "id": 13939237,
        "price": "0.00017440",
        "qty": "2165.00000000",
        "quoteQty": "0.37757600",
        "time": 1629974689106,
        "isBuyerMaker": true,
        "isBestMatch": true
    },
    {
        "id": 13939238,
        "price": "0.00017440",
        "qty": "824.00000000",
        "quoteQty": "0.14370560",
        "time": 1629974689106,
        "isBuyerMaker": true,
        "isBestMatch": true
    },
    {
        "id": 13939239,
        "price": "0.00017440",
        "qty": "766.00000000",
        "quoteQty": "0.13359040",
        "time": 1629974711289,
        "isBuyerMaker": false,
        "isBestMatch": true
    },
    {
        "id": 13939240,
        "price": "0.00017440",
        "qty": "465.00000000",
        "quoteQty": "0.08109600",
        "time": 1629974726166,
        "isBuyerMaker": true,
        "isBestMatch": true
    },
    {
        "id": 13939241,
        "price": "0.00017460",
        "qty": "288.00000000",
        "quoteQty": "0.05028480",
        "time": 1629974753486,
        "isBuyerMaker": false,
        "isBestMatch": true
    },
    {
        "id": 13939242,
        "price": "0.00017460",
        "qty": "4434.00000000",
        "quoteQty": "0.77417640",
        "time": 1629974753486,
        "isBuyerMaker": false,
        "isBestMatch": true
    },
    {
        "id": 13939243,
        "price": "0.00017440",
        "qty": "1528.00000000",
        "quoteQty": "0.26648320",
        "time": 1629974770085,
        "isBuyerMaker": true,
        "isBestMatch": true
    },
    {
        "id": 13939244,
        "price": "0.00017430",
        "qty": "590.00000000",
        "quoteQty": "0.10283700",
        "time": 1629974805385,
        "isBuyerMaker": true,
        "isBestMatch": true
    },
    {
        "id": 13939245,
        "price": "0.00017430",
        "qty": "8983.00000000",
        "quoteQty": "1.56573690",
        "time": 1629974805385,
        "isBuyerMaker": true,
        "isBestMatch": true
    },
    {
        "id": 13939246,
        "price": "0.00017440",
        "qty": "372.00000000",
        "quoteQty": "0.06487680",
        "time": 1629974831219,
        "isBuyerMaker": false,
        "isBestMatch": true
    },
    {
        "id": 13939247,
        "price": "0.00017430",
        "qty": "300.00000000",
        "quoteQty": "0.05229000",
        "time": 1629974855984,
        "isBuyerMaker": true,
        "isBestMatch": true
    },
    {
        "id": 13939248,
        "price": "0.00017440",
        "qty": "946.00000000",
        "quoteQty": "0.16498240",
        "time": 1629974858084,
        "isBuyerMaker": false,
        "isBestMatch": true
    },
    {
        "id": 13939249,
        "price": "0.00017430",
        "qty": "1294.00000000",
        "quoteQty": "0.22554420",
        "time": 1629974885665,
        "isBuyerMaker": true,
        "isBestMatch": true
    },
    {
        "id": 13939250,
        "price": "0.00017430",
        "qty": "3624.00000000",
        "quoteQty": "0.63166320",
        "time": 1629974888443,
        "isBuyerMaker": true,
        "isBestMatch": true
    },
    {
        "id": 13939251,
        "price": "0.00017430",
        "qty": "7619.00000000",
        "quoteQty": "1.32799170",
        "time": 1629974889056,
        "isBuyerMaker": true,
        "isBestMatch": true
    },
    {
        "id": 13939252,
        "price": "0.00017430",
        "qty": "1295.00000000",
        "quoteQty": "0.22571850",
        "time": 1629974935186,
        "isBuyerMaker": false,
        "isBestMatch": true
    },
    {
        "id": 13939253,
        "price": "0.00017430",
        "qty": "12524.00000000",
        "quoteQty": "2.18293320",
        "time": 1629975020285,
        "isBuyerMaker": false,
        "isBestMatch": true
    },
    {
        "id": 13939254,
        "price": "0.00017430",
        "qty": "1192.00000000",
        "quoteQty": "0.20776560",
        "time": 1629975064528,
        "isBuyerMaker": true,
        "isBestMatch": true
    },
    {
        "id": 13939255,
        "price": "0.00017430",
        "qty": "816.00000000",
        "quoteQty": "0.14222880",
        "time": 1629975069295,
        "isBuyerMaker": true,
        "isBestMatch": true
    },
    {
        "id": 13939256,
        "price": "0.00017430",
        "qty": "600.00000000",
        "quoteQty": "0.10458000",
        "time": 1629975118248,
        "isBuyerMaker": true,
        "isBestMatch": true
    },
    {
        "id": 13939257,
        "price": "0.00017430",
        "qty": "408.00000000",
        "quoteQty": "0.07111440",
        "time": 1629975129115,
        "isBuyerMaker": true,
        "isBestMatch": true
    },
    {
        "id": 13939258,
        "price": "0.00017420",
        "qty": "627.00000000",
        "quoteQty": "0.10922340",
        "time": 1629975147144,
        "isBuyerMaker": true,
        "isBestMatch": true
    },
    {
        "id": 13939259,
        "price": "0.00017430",
        "qty": "2461.00000000",
        "quoteQty": "0.42895230",
        "time": 1629975197576,
        "isBuyerMaker": false,
        "isBestMatch": true
    },
    {
        "id": 13939260,
        "price": "0.00017440",
        "qty": "460.00000000",
        "quoteQty": "0.08022400",
        "time": 1629975218575,
        "isBuyerMaker": false,
        "isBestMatch": true
    },
    {
        "id": 13939261,
        "price": "0.00017430",
        "qty": "8043.00000000",
        "quoteQty": "1.40189490",
        "time": 1629975250693,
        "isBuyerMaker": true,
        "isBestMatch": true
    },
    {
        "id": 13939262,
        "price": "0.00017430",
        "qty": "596.00000000",
        "quoteQty": "0.10388280",
        "time": 1629975265817,
        "isBuyerMaker": false,
        "isBestMatch": true
    },
    {
        "id": 13939263,
        "price": "0.00017430",
        "qty": "4472.00000000",
        "quoteQty": "0.77946960",
        "time": 1629975296451,
        "isBuyerMaker": false,
        "isBestMatch": true
    },
    {
        "id": 13939264,
        "price": "0.00017420",
        "qty": "7766.00000000",
        "quoteQty": "1.35283720",
        "time": 1629975317483,
        "isBuyerMaker": false,
        "isBestMatch": true
    },
    {
        "id": 13939265,
        "price": "0.00017420",
        "qty": "6038.00000000",
        "quoteQty": "1.05181960",
        "time": 1629975319688,
        "isBuyerMaker": false,
        "isBestMatch": true
    },
    {
        "id": 13939266,
        "price": "0.00017420",
        "qty": "1380.00000000",
        "quoteQty": "0.24039600",
        "time": 1629975336083,
        "isBuyerMaker": false,
        "isBestMatch": true
    },
    {
        "id": 13939267,
        "price": "0.00017440",
        "qty": "450.00000000",
        "quoteQty": "0.07848000",
        "time": 1629975394447,
        "isBuyerMaker": false,
        "isBestMatch": true
    },
    {
        "id": 13939268,
        "price": "0.00017440",
        "qty": "2449.00000000",
        "quoteQty": "0.42710560",
        "time": 1629975399343,
        "isBuyerMaker": false,
        "isBestMatch": true
    },
    {
        "id": 13939269,
        "price": "0.00017440",
        "qty": "2450.00000000",
        "quoteQty": "0.42728000",
        "time": 1629975401340,
        "isBuyerMaker": false,
        "isBestMatch": true
    },
    {
        "id": 13939270,
        "price": "0.00017440",
        "qty": "2450.00000000",
        "quoteQty": "0.42728000",
        "time": 1629975402344,
        "isBuyerMaker": false,
        "isBestMatch": true
    },
    {
        "id": 13939271,
        "price": "0.00017430",
        "qty": "600.00000000",
        "quoteQty": "0.10458000",
        "time": 1629975434471,
        "isBuyerMaker": false,
        "isBestMatch": true
    },
    {
        "id": 13939272,
        "price": "0.00017430",
        "qty": "10000.00000000",
        "quoteQty": "1.74300000",
        "time": 1629975466734,
        "isBuyerMaker": false,
        "isBestMatch": true
    },
    {
        "id": 13939273,
        "price": "0.00017430",
        "qty": "1000.00000000",
        "quoteQty": "0.17430000",
        "time": 1629975506137,
        "isBuyerMaker": false,
        "isBestMatch": true
    },
    {
        "id": 13939274,
        "price": "0.00017430",
        "qty": "161.00000000",
        "quoteQty": "0.02806230",
        "time": 1629975555453,
        "isBuyerMaker": false,
        "isBestMatch": true
    },
    {
        "id": 13939275,
        "price": "0.00017430",
        "qty": "134.00000000",
        "quoteQty": "0.02335620",
        "time": 1629975555453,
        "isBuyerMaker": false,
        "isBestMatch": true
    },
    {
        "id": 13939276,
        "price": "0.00017420",
        "qty": "5529.00000000",
        "quoteQty": "0.96315180",
        "time": 1629975588893,
        "isBuyerMaker": true,
        "isBestMatch": true
    },
    {
        "id": 13939277,
        "price": "0.00017420",
        "qty": "2199.00000000",
        "quoteQty": "0.38306580",
        "time": 1629975589143,
        "isBuyerMaker": true,
        "isBestMatch": true
    },
    {
        "id": 13939278,
        "price": "0.00017420",
        "qty": "3283.00000000",
        "quoteQty": "0.57189860",
        "time": 1629975589939,
        "isBuyerMaker": true,
        "isBestMatch": true
    },
    {
        "id": 13939279,
        "price": "0.00017410",
        "qty": "591.00000000",
        "quoteQty": "0.10289310",
        "time": 1629975614101,
        "isBuyerMaker": true,
        "isBestMatch": true
    },
    {
        "id": 13939280,
        "price": "0.00017410",
        "qty": "4618.00000000",
        "quoteQty": "0.80399380",
        "time": 1629975614101,
        "isBuyerMaker": true,
        "isBestMatch": true
    },
    {
        "id": 13939281,
        "price": "0.00017430",
        "qty": "66043.00000000",
        "quoteQty": "11.51129490",
        "time": 1629975665461,
        "isBuyerMaker": false,
        "isBestMatch": true
    },
    {
        "id": 13939282,
        "price": "0.00017400",
        "qty": "4039.00000000",
        "quoteQty": "0.70278600",
        "time": 1629975690925,
        "isBuyerMaker": true,
        "isBestMatch": true
    },
    {
        "id": 13939283,
        "price": "0.00017400",
        "qty": "5300.00000000",
        "quoteQty": "0.92220000",
        "time": 1629975690925,
        "isBuyerMaker": true,
        "isBestMatch": true
    },
    {
        "id": 13939284,
        "price": "0.00017400",
        "qty": "4439.00000000",
        "quoteQty": "0.77238600",
        "time": 1629975690925,
        "isBuyerMaker": true,
        "isBestMatch": true
    },
    {
        "id": 13939285,
        "price": "0.00017400",
        "qty": "7340.00000000",
        "quoteQty": "1.27716000",
        "time": 1629975690925,
        "isBuyerMaker": true,
        "isBestMatch": true
    },
    {
        "id": 13939286,
        "price": "0.00017400",
        "qty": "60440.00000000",
        "quoteQty": "10.51656000",
        "time": 1629975690925,
        "isBuyerMaker": true,
        "isBestMatch": true
    },
    {
        "id": 13939287,
        "price": "0.00017420",
        "qty": "64414.00000000",
        "quoteQty": "11.22091880",
        "time": 1629975788943,
        "isBuyerMaker": true,
        "isBestMatch": true
    },
    {
        "id": 13939288,
        "price": "0.00017430",
        "qty": "730.00000000",
        "quoteQty": "0.12723900",
        "time": 1629975802286,
        "isBuyerMaker": false,
        "isBestMatch": true
    },
    {
        "id": 13939289,
        "price": "0.00017430",
        "qty": "3158.00000000",
        "quoteQty": "0.55043940",
        "time": 1629975804383,
        "isBuyerMaker": false,
        "isBestMatch": true
    },
    {
        "id": 13939290,
        "price": "0.00017430",
        "qty": "730.00000000",
        "quoteQty": "0.12723900",
        "time": 1629975804383,
        "isBuyerMaker": false,
        "isBestMatch": true
    },
    {
        "id": 13939291,
        "price": "0.00017430",
        "qty": "3888.00000000",
        "quoteQty": "0.67767840",
        "time": 1629975804888,
        "isBuyerMaker": false,
        "isBestMatch": true
    },
    {
        "id": 13939292,
        "price": "0.00017440",
        "qty": "487.00000000",
        "quoteQty": "0.08493280",
        "time": 1629975812841,
        "isBuyerMaker": false,
        "isBestMatch": true
    },
    {
        "id": 13939293,
        "price": "0.00017460",
        "qty": "4313.00000000",
        "quoteQty": "0.75304980",
        "time": 1629975816017,
        "isBuyerMaker": false,
        "isBestMatch": true
    },
    {
        "id": 13939294,
        "price": "0.00017460",
        "qty": "591.00000000",
        "quoteQty": "0.10318860",
        "time": 1629975816017,
        "isBuyerMaker": false,
        "isBestMatch": true
    },
    {
        "id": 13939295,
        "price": "0.00017460",
        "qty": "847.00000000",
        "quoteQty": "0.14788620",
        "time": 1629975816017,
        "isBuyerMaker": false,
        "isBestMatch": true
    },
    {
        "id": 13939296,
        "price": "0.00017430",
        "qty": "6800.00000000",
        "quoteQty": "1.18524000",
        "time": 1629975824135,
        "isBuyerMaker": false,
        "isBestMatch": true
    },
    {
        "id": 13939297,
        "price": "0.00017440",
        "qty": "2014.00000000",
        "quoteQty": "0.35124160",
        "time": 1629975852151,
        "isBuyerMaker": false,
        "isBestMatch": true
    },
    {
        "id": 13939298,
        "price": "0.00017440",
        "qty": "2969.00000000",
        "quoteQty": "0.51779360",
        "time": 1629975882049,
        "isBuyerMaker": false,
        "isBestMatch": true
    },
    {
        "id": 13939299,
        "price": "0.00017420",
        "qty": "299.00000000",
        "quoteQty": "0.05208580",
        "time": 1629975895726,
        "isBuyerMaker": true,
        "isBestMatch": true
    },
    {
        "id": 13939300,
        "price": "0.00017430",
        "qty": "1000.00000000",
        "quoteQty": "0.17430000",
        "time": 1629975899344,
        "isBuyerMaker": false,
        "isBestMatch": true
    },
    {
        "id": 13939301,
        "price": "0.00017410",
        "qty": "591.00000000",
        "quoteQty": "0.10289310",
        "time": 1629976006719,
        "isBuyerMaker": true,
        "isBestMatch": true
    },
    {
        "id": 13939302,
        "price": "0.00017410",
        "qty": "709.00000000",
        "quoteQty": "0.12343690",
        "time": 1629976006719,
        "isBuyerMaker": true,
        "isBestMatch": true
    },
    {
        "id": 13939303,
        "price": "0.00017410",
        "qty": "401.00000000",
        "quoteQty": "0.06981410",
        "time": 1629976016617,
        "isBuyerMaker": false,
        "isBestMatch": true
    },
    {
        "id": 13939304,
        "price": "0.00017400",
        "qty": "3650.00000000",
        "quoteQty": "0.63510000",
        "time": 1629976019300,
        "isBuyerMaker": true,
        "isBestMatch": true
    },
    {
        "id": 13939305,
        "price": "0.00017400",
        "qty": "470.00000000",
        "quoteQty": "0.08178000",
        "time": 1629976019300,
        "isBuyerMaker": true,
        "isBestMatch": true
    },
    {
        "id": 13939306,
        "price": "0.00017390",
        "qty": "592.00000000",
        "quoteQty": "0.10294880",
        "time": 1629976030457,
        "isBuyerMaker": true,
        "isBestMatch": true
    },
    {
        "id": 13939307,
        "price": "0.00017390",
        "qty": "583.00000000",
        "quoteQty": "0.10138370",
        "time": 1629976030457,
        "isBuyerMaker": true,
        "isBestMatch": true
    },
    {
        "id": 13939308,
        "price": "0.00017390",
        "qty": "4260.00000000",
        "quoteQty": "0.74081400",
        "time": 1629976049357,
        "isBuyerMaker": true,
        "isBestMatch": true
    },
    {
        "id": 13939309,
        "price": "0.00017380",
        "qty": "8540.00000000",
        "quoteQty": "1.48425200",
        "time": 1629976108685,
        "isBuyerMaker": true,
        "isBestMatch": true
    },
    {
        "id": 13939310,
        "price": "0.00017380",
        "qty": "5172.00000000",
        "quoteQty": "0.89889360",
        "time": 1629976149988,
        "isBuyerMaker": false,
        "isBestMatch": true
    },
    {
        "id": 13939311,
        "price": "0.00017370",
        "qty": "592.00000000",
        "quoteQty": "0.10283040",
        "time": 1629976152442,
        "isBuyerMaker": true,
        "isBestMatch": true
    },
    {
        "id": 13939312,
        "price": "0.00017370",
        "qty": "289.00000000",
        "quoteQty": "0.05019930",
        "time": 1629976152442,
        "isBuyerMaker": true,
        "isBestMatch": true
    },
    {
        "id": 13939313,
        "price": "0.00017370",
        "qty": "9189.00000000",
        "quoteQty": "1.59612930",
        "time": 1629976152442,
        "isBuyerMaker": true,
        "isBestMatch": true
    },
    {
        "id": 13939314,
        "price": "0.00017360",
        "qty": "470.00000000",
        "quoteQty": "0.08159200",
        "time": 1629976168942,
        "isBuyerMaker": true,
        "isBestMatch": true
    },
    {
        "id": 13939315,
        "price": "0.00017380",
        "qty": "964.00000000",
        "quoteQty": "0.16754320",
        "time": 1629976179444,
        "isBuyerMaker": false,
        "isBestMatch": true
    },
    {
        "id": 13939316,
        "price": "0.00017380",
        "qty": "41129.00000000",
        "quoteQty": "7.14822020",
        "time": 1629976184409,
        "isBuyerMaker": false,
        "isBestMatch": true
    },
    {
        "id": 13939317,
        "price": "0.00017380",
        "qty": "297.00000000",
        "quoteQty": "0.05161860",
        "time": 1629976282294,
        "isBuyerMaker": false,
        "isBestMatch": true
    },
    {
        "id": 13939318,
        "price": "0.00017380",
        "qty": "127.00000000",
        "quoteQty": "0.02207260",
        "time": 1629976282294,
        "isBuyerMaker": false,
        "isBestMatch": true
    },
    {
        "id": 13939319,
        "price": "0.00017360",
        "qty": "398.00000000",
        "quoteQty": "0.06909280",
        "time": 1629976295953,
        "isBuyerMaker": true,
        "isBestMatch": true
    },
    {
        "id": 13939320,
        "price": "0.00017370",
        "qty": "1473.00000000",
        "quoteQty": "0.25586010",
        "time": 1629976326408,
        "isBuyerMaker": true,
        "isBestMatch": true
    },
    {
        "id": 13939321,
        "price": "0.00017390",
        "qty": "3033.00000000",
        "quoteQty": "0.52743870",
        "time": 1629976329399,
        "isBuyerMaker": false,
        "isBestMatch": true
    },
    {
        "id": 13939322,
        "price": "0.00017390",
        "qty": "1241.00000000",
        "quoteQty": "0.21580990",
        "time": 1629976364748,
        "isBuyerMaker": false,
        "isBestMatch": true
    },
    {
        "id": 13939323,
        "price": "0.00017390",
        "qty": "683.00000000",
        "quoteQty": "0.11877370",
        "time": 1629976364748,
        "isBuyerMaker": false,
        "isBestMatch": true
    },
    {
        "id": 13939324,
        "price": "0.00017360",
        "qty": "938.00000000",
        "quoteQty": "0.16283680",
        "time": 1629976403703,
        "isBuyerMaker": true,
        "isBestMatch": true
    },
    {
        "id": 13939325,
        "price": "0.00017370",
        "qty": "403.00000000",
        "quoteQty": "0.07000110",
        "time": 1629976424695,
        "isBuyerMaker": false,
        "isBestMatch": true
    },
    {
        "id": 13939326,
        "price": "0.00017360",
        "qty": "1348.00000000",
        "quoteQty": "0.23401280",
        "time": 1629976441097,
        "isBuyerMaker": true,
        "isBestMatch": true
    },
    {
        "id": 13939327,
        "price": "0.00017360",
        "qty": "649.00000000",
        "quoteQty": "0.11266640",
        "time": 1629976441114,
        "isBuyerMaker": true,
        "isBestMatch": true
    },
    {
        "id": 13939328,
        "price": "0.00017360",
        "qty": "398.00000000",
        "quoteQty": "0.06909280",
        "time": 1629976441114,
        "isBuyerMaker": true,
        "isBestMatch": true
    },
    {
        "id": 13939329,
        "price": "0.00017360",
        "qty": "723.00000000",
        "quoteQty": "0.12551280",
        "time": 1629976441114,
        "isBuyerMaker": true,
        "isBestMatch": true
    },
    {
        "id": 13939330,
        "price": "0.00017360",
        "qty": "4058.00000000",
        "quoteQty": "0.70446880",
        "time": 1629976441139,
        "isBuyerMaker": true,
        "isBestMatch": true
    },
    {
        "id": 13939331,
        "price": "0.00017360",
        "qty": "342.00000000",
        "quoteQty": "0.05937120",
        "time": 1629976441139,
        "isBuyerMaker": true,
        "isBestMatch": true
    },
    {
        "id": 13939332,
        "price": "0.00017360",
        "qty": "938.00000000",
        "quoteQty": "0.16283680",
        "time": 1629976441139,
        "isBuyerMaker": true,
        "isBestMatch": true
    },
    {
        "id": 13939333,
        "price": "0.00017350",
        "qty": "593.00000000",
        "quoteQty": "0.10288550",
        "time": 1629976449258,
        "isBuyerMaker": true,
        "isBestMatch": true
    },
    {
        "id": 13939334,
        "price": "0.00017350",
        "qty": "300.00000000",
        "quoteQty": "0.05205000",
        "time": 1629976449258,
        "isBuyerMaker": true,
        "isBestMatch": true
    },
    {
        "id": 13939335,
        "price": "0.00017350",
        "qty": "413.00000000",
        "quoteQty": "0.07165550",
        "time": 1629976488887,
        "isBuyerMaker": false,
        "isBestMatch": true
    },
    {
        "id": 13939336,
        "price": "0.00017350",
        "qty": "534.00000000",
        "quoteQty": "0.09264900",
        "time": 1629976503938,
        "isBuyerMaker": false,
        "isBestMatch": true
    },
    {
        "id": 13939337,
        "price": "0.00017360",
        "qty": "905.00000000",
        "quoteQty": "0.15710800",
        "time": 1629976504770,
        "isBuyerMaker": false,
        "isBestMatch": true
    },
    {
        "id": 13939338,
        "price": "0.00017340",
        "qty": "300.00000000",
        "quoteQty": "0.05202000",
        "time": 1629976507914,
        "isBuyerMaker": true,
        "isBestMatch": true
    },
    {
        "id": 13939339,
        "price": "0.00017340",
        "qty": "1051.00000000",
        "quoteQty": "0.18224340",
        "time": 1629976507914,
        "isBuyerMaker": true,
        "isBestMatch": true
    },
    {
        "id": 13939340,
        "price": "0.00017360",
        "qty": "1348.00000000",
        "quoteQty": "0.23401280",
        "time": 1629976514796,
        "isBuyerMaker": false,
        "isBestMatch": true
    },
    {
        "id": 13939341,
        "price": "0.00017370",
        "qty": "1201.00000000",
        "quoteQty": "0.20861370",
        "time": 1629976516322,
        "isBuyerMaker": false,
        "isBestMatch": true
    },
    {
        "id": 13939342,
        "price": "0.00017360",
        "qty": "1459.00000000",
        "quoteQty": "0.25328240",
        "time": 1629976527194,
        "isBuyerMaker": false,
        "isBestMatch": true
    },
    {
        "id": 13939343,
        "price": "0.00017340",
        "qty": "1568.00000000",
        "quoteQty": "0.27189120",
        "time": 1629976532103,
        "isBuyerMaker": true,
        "isBestMatch": true
    },
    {
        "id": 13939344,
        "price": "0.00017360",
        "qty": "313.00000000",
        "quoteQty": "0.05433680",
        "time": 1629976536891,
        "isBuyerMaker": false,
        "isBestMatch": true
    },
    {
        "id": 13939345,
        "price": "0.00017360",
        "qty": "300.00000000",
        "quoteQty": "0.05208000",
        "time": 1629976536891,
        "isBuyerMaker": false,
        "isBestMatch": true
    },
    {
        "id": 13939346,
        "price": "0.00017360",
        "qty": "380.00000000",
        "quoteQty": "0.06596800",
        "time": 1629976540412,
        "isBuyerMaker": false,
        "isBestMatch": true
    },
    {
        "id": 13939347,
        "price": "0.00017370",
        "qty": "32.00000000",
        "quoteQty": "0.00555840",
        "time": 1629976540412,
        "isBuyerMaker": false,
        "isBestMatch": true
    },
    {
        "id": 13939348,
        "price": "0.00017360",
        "qty": "2132.00000000",
        "quoteQty": "0.37011520",
        "time": 1629976552858,
        "isBuyerMaker": false,
        "isBestMatch": true
    },
    {
        "id": 13939349,
        "price": "0.00017360",
        "qty": "1015.00000000",
        "quoteQty": "0.17620400",
        "time": 1629976585695,
        "isBuyerMaker": false,
        "isBestMatch": true
    },
    {
        "id": 13939350,
        "price": "0.00017360",
        "qty": "1970.00000000",
        "quoteQty": "0.34199200",
        "time": 1629976585695,
        "isBuyerMaker": false,
        "isBestMatch": true
    },
    {
        "id": 13939351,
        "price": "0.00017360",
        "qty": "299.00000000",
        "quoteQty": "0.05190640",
        "time": 1629976596339,
        "isBuyerMaker": false,
        "isBestMatch": true
    },
    {
        "id": 13939352,
        "price": "0.00017360",
        "qty": "299.00000000",
        "quoteQty": "0.05190640",
        "time": 1629976596339,
        "isBuyerMaker": false,
        "isBestMatch": true
    },
    {
        "id": 13939353,
        "price": "0.00017360",
        "qty": "2429.00000000",
        "quoteQty": "0.42167440",
        "time": 1629976658295,
        "isBuyerMaker": true,
        "isBestMatch": true
    },
    {
        "id": 13939354,
        "price": "0.00017340",
        "qty": "1790.00000000",
        "quoteQty": "0.31038600",
        "time": 1629976689116,
        "isBuyerMaker": true,
        "isBestMatch": true
    },
    {
        "id": 13939355,
        "price": "0.00017330",
        "qty": "594.00000000",
        "quoteQty": "0.10294020",
        "time": 1629976726777,
        "isBuyerMaker": true,
        "isBestMatch": true
    },
    {
        "id": 13939356,
        "price": "0.00017330",
        "qty": "299.00000000",
        "quoteQty": "0.05181670",
        "time": 1629976726777,
        "isBuyerMaker": true,
        "isBestMatch": true
    },
    {
        "id": 13939357,
        "price": "0.00017330",
        "qty": "8337.00000000",
        "quoteQty": "1.44480210",
        "time": 1629976726777,
        "isBuyerMaker": true,
        "isBestMatch": true
    },
    {
        "id": 13939358,
        "price": "0.00017330",
        "qty": "7905.00000000",
        "quoteQty": "1.36993650",
        "time": 1629976775996,
        "isBuyerMaker": false,
        "isBestMatch": true
    },
    {
        "id": 13939359,
        "price": "0.00017330",
        "qty": "4580.00000000",
        "quoteQty": "0.79371400",
        "time": 1629976776147,
        "isBuyerMaker": false,
        "isBestMatch": true
    },
    {
        "id": 13939360,
        "price": "0.00017330",
        "qty": "4430.00000000",
        "quoteQty": "0.76771900",
        "time": 1629976776198,
        "isBuyerMaker": false,
        "isBestMatch": true
    },
    {
        "id": 13939361,
        "price": "0.00017320",
        "qty": "435.00000000",
        "quoteQty": "0.07534200",
        "time": 1629976830810,
        "isBuyerMaker": true,
        "isBestMatch": true
    },
    {
        "id": 13939362,
        "price": "0.00017320",
        "qty": "159.00000000",
        "quoteQty": "0.02753880",
        "time": 1629976863443,
        "isBuyerMaker": true,
        "isBestMatch": true
    },
    {
        "id": 13939363,
        "price": "0.00017320",
        "qty": "433.00000000",
        "quoteQty": "0.07499560",
        "time": 1629976863443,
        "isBuyerMaker": true,
        "isBestMatch": true
    },
    {
        "id": 13939364,
        "price": "0.00017320",
        "qty": "1389.00000000",
        "quoteQty": "0.24057480",
        "time": 1629976863443,
        "isBuyerMaker": true,
        "isBestMatch": true
    },
    {
        "id": 13939365,
        "price": "0.00017330",
        "qty": "827.00000000",
        "quoteQty": "0.14331910",
        "time": 1629976961340,
        "isBuyerMaker": false,
        "isBestMatch": true
    },
    {
        "id": 13939366,
        "price": "0.00017320",
        "qty": "2915.00000000",
        "quoteQty": "0.50487800",
        "time": 1629976965071,
        "isBuyerMaker": true,
        "isBestMatch": true
    },
    {
        "id": 13939367,
        "price": "0.00017340",
        "qty": "363.00000000",
        "quoteQty": "0.06294420",
        "time": 1629976968767,
        "isBuyerMaker": false,
        "isBestMatch": true
    },
    {
        "id": 13939368,
        "price": "0.00017320",
        "qty": "1443.00000000",
        "quoteQty": "0.24992760",
        "time": 1629976992094,
        "isBuyerMaker": true,
        "isBestMatch": true
    },
    {
        "id": 13939369,
        "price": "0.00017320",
        "qty": "374.00000000",
        "quoteQty": "0.06477680",
        "time": 1629976992094,
        "isBuyerMaker": true,
        "isBestMatch": true
    },
    {
        "id": 13939370,
        "price": "0.00017320",
        "qty": "5647.00000000",
        "quoteQty": "0.97806040",
        "time": 1629976992793,
        "isBuyerMaker": true,
        "isBestMatch": true
    },
    {
        "id": 13939371,
        "price": "0.00017320",
        "qty": "1000.00000000",
        "quoteQty": "0.17320000",
        "time": 1629977056789,
        "isBuyerMaker": true,
        "isBestMatch": true
    },
    {
        "id": 13939372,
        "price": "0.00017320",
        "qty": "708.00000000",
        "quoteQty": "0.12262560",
        "time": 1629977064561,
        "isBuyerMaker": true,
        "isBestMatch": true
    },
    {
        "id": 13939373,
        "price": "0.00017320",
        "qty": "444.00000000",
        "quoteQty": "0.07690080",
        "time": 1629977064561,
        "isBuyerMaker": true,
        "isBestMatch": true
    },
    {
        "id": 13939374,
        "price": "0.00017320",
        "qty": "676.00000000",
        "quoteQty": "0.11708320",
        "time": 1629977073390,
        "isBuyerMaker": true,
        "isBestMatch": true
    },
    {
        "id": 13939375,
        "price": "0.00017320",
        "qty": "4687.00000000",
        "quoteQty": "0.81178840",
        "time": 1629977076074,
        "isBuyerMaker": true,
        "isBestMatch": true
    },
    {
        "id": 13939376,
        "price": "0.00017320",
        "qty": "21256.00000000",
        "quoteQty": "3.68153920",
        "time": 1629977088589,
        "isBuyerMaker": true,
        "isBestMatch": true
    },
    {
        "id": 13939377,
        "price": "0.00017320",
        "qty": "722.00000000",
        "quoteQty": "0.12505040",
        "time": 1629977096234,
        "isBuyerMaker": true,
        "isBestMatch": true
    },
    {
        "id": 13939378,
        "price": "0.00017310",
        "qty": "1660.00000000",
        "quoteQty": "0.28734600",
        "time": 1629977096994,
        "isBuyerMaker": true,
        "isBestMatch": true
    },
    {
        "id": 13939379,
        "price": "0.00017310",
        "qty": "20549.00000000",
        "quoteQty": "3.55703190",
        "time": 1629977097203,
        "isBuyerMaker": true,
        "isBestMatch": true
    },
    {
        "id": 13939380,
        "price": "0.00017320",
        "qty": "5196.00000000",
        "quoteQty": "0.89994720",
        "time": 1629977129453,
        "isBuyerMaker": false,
        "isBestMatch": true
    },
    {
        "id": 13939381,
        "price": "0.00017330",
        "qty": "923.00000000",
        "quoteQty": "0.15995590",
        "time": 1629977129478,
        "isBuyerMaker": false,
        "isBestMatch": true
    },
    {
        "id": 13939382,
        "price": "0.00017310",
        "qty": "1451.00000000",
        "quoteQty": "0.25116810",
        "time": 1629977146620,
        "isBuyerMaker": true,
        "isBestMatch": true
    },
    {
        "id": 13939383,
        "price": "0.00017340",
        "qty": "297.00000000",
        "quoteQty": "0.05149980",
        "time": 1629977167140,
        "isBuyerMaker": false,
        "isBestMatch": true
    },
    {
        "id": 13939384,
        "price": "0.00017320",
        "qty": "685.00000000",
        "quoteQty": "0.11864200",
        "time": 1629977231221,
        "isBuyerMaker": true,
        "isBestMatch": true
    },
    {
        "id": 13939385,
        "price": "0.00017350",
        "qty": "696.00000000",
        "quoteQty": "0.12075600",
        "time": 1629977234742,
        "isBuyerMaker": false,
        "isBestMatch": true
    },
    {
        "id": 13939386,
        "price": "0.00017350",
        "qty": "2620.00000000",
        "quoteQty": "0.45457000",
        "time": 1629977235355,
        "isBuyerMaker": false,
        "isBestMatch": true
    },
    {
        "id": 13939387,
        "price": "0.00017350",
        "qty": "6520.00000000",
        "quoteQty": "1.13122000",
        "time": 1629977235355,
        "isBuyerMaker": false,
        "isBestMatch": true
    },
    {
        "id": 13939388,
        "price": "0.00017330",
        "qty": "563.00000000",
        "quoteQty": "0.09756790",
        "time": 1629977241776,
        "isBuyerMaker": true,
        "isBestMatch": true
    },
    {
        "id": 13939389,
        "price": "0.00017360",
        "qty": "3638.00000000",
        "quoteQty": "0.63155680",
        "time": 1629977276539,
        "isBuyerMaker": false,
        "isBestMatch": true
    },
    {
        "id": 13939390,
        "price": "0.00017360",
        "qty": "3638.00000000",
        "quoteQty": "0.63155680",
        "time": 1629977277682,
        "isBuyerMaker": false,
        "isBestMatch": true
    },
    {
        "id": 13939391,
        "price": "0.00017360",
        "qty": "5799.00000000",
        "quoteQty": "1.00670640",
        "time": 1629977304479,
        "isBuyerMaker": false,
        "isBestMatch": true
    },
    {
        "id": 13939392,
        "price": "0.00017350",
        "qty": "420.00000000",
        "quoteQty": "0.07287000",
        "time": 1629977312088,
        "isBuyerMaker": true,
        "isBestMatch": true
    },
    {
        "id": 13939393,
        "price": "0.00017350",
        "qty": "420.00000000",
        "quoteQty": "0.07287000",
        "time": 1629977322745,
        "isBuyerMaker": false,
        "isBestMatch": true
    },
    {
        "id": 13939394,
        "price": "0.00017360",
        "qty": "2996.00000000",
        "quoteQty": "0.52010560",
        "time": 1629977322745,
        "isBuyerMaker": false,
        "isBestMatch": true
    },
    {
        "id": 13939395,
        "price": "0.00017340",
        "qty": "4702.00000000",
        "quoteQty": "0.81532680",
        "time": 1629977371893,
        "isBuyerMaker": true,
        "isBestMatch": true
    },
    {
        "id": 13939396,
        "price": "0.00017360",
        "qty": "414.00000000",
        "quoteQty": "0.07187040",
        "time": 1629977381752,
        "isBuyerMaker": false,
        "isBestMatch": true
    },
    {
        "id": 13939397,
        "price": "0.00017330",
        "qty": "3000.00000000",
        "quoteQty": "0.51990000",
        "time": 1629977392067,
        "isBuyerMaker": true,
        "isBestMatch": true
    },
    {
        "id": 13939398,
        "price": "0.00017360",
        "qty": "975.00000000",
        "quoteQty": "0.16926000",
        "time": 1629977492584,
        "isBuyerMaker": false,
        "isBestMatch": true
    },
    {
        "id": 13939399,
        "price": "0.00017360",
        "qty": "1615.00000000",
        "quoteQty": "0.28036400",
        "time": 1629977492584,
        "isBuyerMaker": false,
        "isBestMatch": true
    },
    {
        "id": 13939400,
        "price": "0.00017350",
        "qty": "982.00000000",
        "quoteQty": "0.17037700",
        "time": 1629977506761,
        "isBuyerMaker": true,
        "isBestMatch": true
    },
    {
        "id": 13939401,
        "price": "0.00017370",
        "qty": "594.00000000",
        "quoteQty": "0.10317780",
        "time": 1629977526687,
        "isBuyerMaker": false,
        "isBestMatch": true
    },
    {
        "id": 13939402,
        "price": "0.00017370",
        "qty": "10262.00000000",
        "quoteQty": "1.78250940",
        "time": 1629977526687,
        "isBuyerMaker": false,
        "isBestMatch": true
    },
    {
        "id": 13939403,
        "price": "0.00017380",
        "qty": "594.00000000",
        "quoteQty": "0.10323720",
        "time": 1629977527045,
        "isBuyerMaker": false,
        "isBestMatch": true
    },
    {
        "id": 13939404,
        "price": "0.00017380",
        "qty": "1409.00000000",
        "quoteQty": "0.24488420",
        "time": 1629977542182,
        "isBuyerMaker": false,
        "isBestMatch": true
    },
    {
        "id": 13939405,
        "price": "0.00017380",
        "qty": "696.00000000",
        "quoteQty": "0.12096480",
        "time": 1629977545015,
        "isBuyerMaker": false,
        "isBestMatch": true
    },
    {
        "id": 13939406,
        "price": "0.00017380",
        "qty": "631.00000000",
        "quoteQty": "0.10966780",
        "time": 1629977567385,
        "isBuyerMaker": false,
        "isBestMatch": true
    },
    {
        "id": 13939407,
        "price": "0.00017380",
        "qty": "300.00000000",
        "quoteQty": "0.05214000",
        "time": 1629977611533,
        "isBuyerMaker": false,
        "isBestMatch": true
    },
    {
        "id": 13939408,
        "price": "0.00017380",
        "qty": "650.00000000",
        "quoteQty": "0.11297000",
        "time": 1629977615738,
        "isBuyerMaker": false,
        "isBestMatch": true
    },
    {
        "id": 13939409,
        "price": "0.00017380",
        "qty": "1409.00000000",
        "quoteQty": "0.24488420",
        "time": 1629977615738,
        "isBuyerMaker": false,
        "isBestMatch": true
    },
    {
        "id": 13939410,
        "price": "0.00017380",
        "qty": "696.00000000",
        "quoteQty": "0.12096480",
        "time": 1629977615738,
        "isBuyerMaker": false,
        "isBestMatch": true
    },
    {
        "id": 13939411,
        "price": "0.00017380",
        "qty": "631.00000000",
        "quoteQty": "0.10966780",
        "time": 1629977615738,
        "isBuyerMaker": false,
        "isBestMatch": true
    },
    {
        "id": 13939412,
        "price": "0.00017380",
        "qty": "300.00000000",
        "quoteQty": "0.05214000",
        "time": 1629977615738,
        "isBuyerMaker": false,
        "isBestMatch": true
    },
    {
        "id": 13939413,
        "price": "0.00017380",
        "qty": "3686.00000000",
        "quoteQty": "0.64062680",
        "time": 1629977616485,
        "isBuyerMaker": false,
        "isBestMatch": true
    },
    {
        "id": 13939414,
        "price": "0.00017390",
        "qty": "1150.00000000",
        "quoteQty": "0.19998500",
        "time": 1629977616787,
        "isBuyerMaker": false,
        "isBestMatch": true
    },
    {
        "id": 13939415,
        "price": "0.00017360",
        "qty": "4156.00000000",
        "quoteQty": "0.72148160",
        "time": 1629977643191,
        "isBuyerMaker": true,
        "isBestMatch": true
    },
    {
        "id": 13939416,
        "price": "0.00017360",
        "qty": "3875.00000000",
        "quoteQty": "0.67270000",
        "time": 1629977643191,
        "isBuyerMaker": true,
        "isBestMatch": true
    },
    {
        "id": 13939417,
        "price": "0.00017360",
        "qty": "2594.00000000",
        "quoteQty": "0.45031840",
        "time": 1629977643247,
        "isBuyerMaker": true,
        "isBestMatch": true
    },
    {
        "id": 13939418,
        "price": "0.00017390",
        "qty": "604.00000000",
        "quoteQty": "0.10503560",
        "time": 1629977669658,
        "isBuyerMaker": false,
        "isBestMatch": true
    },
    {
        "id": 13939419,
        "price": "0.00017360",
        "qty": "594.00000000",
        "quoteQty": "0.10311840",
        "time": 1629977682796,
        "isBuyerMaker": true,
        "isBestMatch": true
    },
    {
        "id": 13939420,
        "price": "0.00017390",
        "qty": "500.00000000",
        "quoteQty": "0.08695000",
        "time": 1629977735851,
        "isBuyerMaker": false,
        "isBestMatch": true
    },
    {
        "id": 13939421,
        "price": "0.00017380",
        "qty": "659.00000000",
        "quoteQty": "0.11453420",
        "time": 1629977775589,
        "isBuyerMaker": false,
        "isBestMatch": true
    },
    {
        "id": 13939422,
        "price": "0.00017380",
        "qty": "816.00000000",
        "quoteQty": "0.14182080",
        "time": 1629977794008,
        "isBuyerMaker": false,
        "isBestMatch": true
    },
    {
        "id": 13939423,
        "price": "0.00017370",
        "qty": "780.00000000",
        "quoteQty": "0.13548600",
        "time": 1629977839586,
        "isBuyerMaker": true,
        "isBestMatch": true
    },
    {
        "id": 13939424,
        "price": "0.00017370",
        "qty": "20.00000000",
        "quoteQty": "0.00347400",
        "time": 1629977839586,
        "isBuyerMaker": true,
        "isBestMatch": true
    },
    {
        "id": 13939425,
        "price": "0.00017370",
        "qty": "300.00000000",
        "quoteQty": "0.05211000",
        "time": 1629977873187,
        "isBuyerMaker": true,
        "isBestMatch": true
    },
    {
        "id": 13939426,
        "price": "0.00017390",
        "qty": "1436.00000000",
        "quoteQty": "0.24972040",
        "time": 1629977952791,
        "isBuyerMaker": false,
        "isBestMatch": true
    },
    {
        "id": 13939427,
        "price": "0.00017360",
        "qty": "559.00000000",
        "quoteQty": "0.09704240",
        "time": 1629977962090,
        "isBuyerMaker": true,
        "isBestMatch": true
    },
    {
        "id": 13939428,
        "price": "0.00017360",
        "qty": "240.00000000",
        "quoteQty": "0.04166400",
        "time": 1629977962090,
        "isBuyerMaker": true,
        "isBestMatch": true
    },
    {
        "id": 13939429,
        "price": "0.00017360",
        "qty": "4606.00000000",
        "quoteQty": "0.79960160",
        "time": 1629977963220,
        "isBuyerMaker": true,
        "isBestMatch": true
    },
    {
        "id": 13939430,
        "price": "0.00017360",
        "qty": "438.00000000",
        "quoteQty": "0.07603680",
        "time": 1629977963220,
        "isBuyerMaker": true,
        "isBestMatch": true
    },
    {
        "id": 13939431,
        "price": "0.00017380",
        "qty": "780.00000000",
        "quoteQty": "0.13556400",
        "time": 1629978016444,
        "isBuyerMaker": false,
        "isBestMatch": true
    },
    {
        "id": 13939432,
        "price": "0.00017350",
        "qty": "4742.00000000",
        "quoteQty": "0.82273700",
        "time": 1629978047787,
        "isBuyerMaker": true,
        "isBestMatch": true
    },
    {
        "id": 13939433,
        "price": "0.00017360",
        "qty": "3980.00000000",
        "quoteQty": "0.69092800",
        "time": 1629978050138,
        "isBuyerMaker": false,
        "isBestMatch": true
    },
    {
        "id": 13939434,
        "price": "0.00017360",
        "qty": "1393.00000000",
        "quoteQty": "0.24182480",
        "time": 1629978050138,
        "isBuyerMaker": false,
        "isBestMatch": true
    },
    {
        "id": 13939435,
        "price": "0.00017340",
        "qty": "4365.00000000",
        "quoteQty": "0.75689100",
        "time": 1629978068779,
        "isBuyerMaker": true,
        "isBestMatch": true
    },
    {
        "id": 13939436,
        "price": "0.00017340",
        "qty": "1359.00000000",
        "quoteQty": "0.23565060",
        "time": 1629978068779,
        "isBuyerMaker": true,
        "isBestMatch": true
    },
    {
        "id": 13939437,
        "price": "0.00017330",
        "qty": "594.00000000",
        "quoteQty": "0.10294020",
        "time": 1629978203755,
        "isBuyerMaker": true,
        "isBestMatch": true
    },
    {
        "id": 13939438,
        "price": "0.00017330",
        "qty": "217.00000000",
        "quoteQty": "0.03760610",
        "time": 1629978203755,
        "isBuyerMaker": true,
        "isBestMatch": true
    },
    {
        "id": 13939439,
        "price": "0.00017350",
        "qty": "350.00000000",
        "quoteQty": "0.06072500",
        "time": 1629978237437,
        "isBuyerMaker": false,
        "isBestMatch": true
    },
    {
        "id": 13939440,
        "price": "0.00017360",
        "qty": "2084.00000000",
        "quoteQty": "0.36178240",
        "time": 1629978237437,
        "isBuyerMaker": false,
        "isBestMatch": true
    },
    {
        "id": 13939441,
        "price": "0.00017360",
        "qty": "575.00000000",
        "quoteQty": "0.09982000",
        "time": 1629978268117,
        "isBuyerMaker": false,
        "isBestMatch": true
    },
    {
        "id": 13939442,
        "price": "0.00017340",
        "qty": "33284.00000000",
        "quoteQty": "5.77144560",
        "time": 1629978304162,
        "isBuyerMaker": true,
        "isBestMatch": true
    },
    {
        "id": 13939443,
        "price": "0.00017350",
        "qty": "811.00000000",
        "quoteQty": "0.14070850",
        "time": 1629978315309,
        "isBuyerMaker": true,
        "isBestMatch": true
    },
    {
        "id": 13939444,
        "price": "0.00017350",
        "qty": "4641.00000000",
        "quoteQty": "0.80521350",
        "time": 1629978363760,
        "isBuyerMaker": true,
        "isBestMatch": true
    },
    {
        "id": 13939445,
        "price": "0.00017370",
        "qty": "5061.00000000",
        "quoteQty": "0.87909570",
        "time": 1629978364224,
        "isBuyerMaker": false,
        "isBestMatch": true
    },
    {
        "id": 13939446,
        "price": "0.00017370",
        "qty": "4939.00000000",
        "quoteQty": "0.85790430",
        "time": 1629978364224,
        "isBuyerMaker": false,
        "isBestMatch": true
    },
    {
        "id": 13939447,
        "price": "0.00017350",
        "qty": "4641.00000000",
        "quoteQty": "0.80521350",
        "time": 1629978365758,
        "isBuyerMaker": true,
        "isBestMatch": true
    },
    {
        "id": 13939448,
        "price": "0.00017350",
        "qty": "4641.00000000",
        "quoteQty": "0.80521350",
        "time": 1629978366761,
        "isBuyerMaker": true,
        "isBestMatch": true
    },
    {
        "id": 13939449,
        "price": "0.00017350",
        "qty": "4100.00000000",
        "quoteQty": "0.71135000",
        "time": 1629978371415,
        "isBuyerMaker": true,
        "isBestMatch": true
    },
    {
        "id": 13939450,
        "price": "0.00017350",
        "qty": "2864.00000000",
        "quoteQty": "0.49690400",
        "time": 1629978371415,
        "isBuyerMaker": true,
        "isBestMatch": true
    },
    {
        "id": 13939451,
        "price": "0.00017370",
        "qty": "1727.00000000",
        "quoteQty": "0.29997990",
        "time": 1629978393025,
        "isBuyerMaker": false,
        "isBestMatch": true
    },
    {
        "id": 13939452,
        "price": "0.00017360",
        "qty": "2240.00000000",
        "quoteQty": "0.38886400",
        "time": 1629978426735,
        "isBuyerMaker": false,
        "isBestMatch": true
    },
    {
        "id": 13939453,
        "price": "0.00017360",
        "qty": "1435.00000000",
        "quoteQty": "0.24911600",
        "time": 1629978514018,
        "isBuyerMaker": true,
        "isBestMatch": true
    },
    {
        "id": 13939454,
        "price": "0.00017360",
        "qty": "861.00000000",
        "quoteQty": "0.14946960",
        "time": 1629978616194,
        "isBuyerMaker": false,
        "isBestMatch": true
    },
    {
        "id": 13939455,
        "price": "0.00017380",
        "qty": "594.00000000",
        "quoteQty": "0.10323720",
        "time": 1629978634244,
        "isBuyerMaker": false,
        "isBestMatch": true
    },
    {
        "id": 13939456,
        "price": "0.00017380",
        "qty": "774.00000000",
        "quoteQty": "0.13452120",
        "time": 1629978634244,
        "isBuyerMaker": false,
        "isBestMatch": true
    },
    {
        "id": 13939457,
        "price": "0.00017350",
        "qty": "2696.00000000",
        "quoteQty": "0.46775600",
        "time": 1629978672248,
        "isBuyerMaker": true,
        "isBestMatch": true
    },
    {
        "id": 13939458,
        "price": "0.00017350",
        "qty": "2696.00000000",
        "quoteQty": "0.46775600",
        "time": 1629978674246,
        "isBuyerMaker": true,
        "isBestMatch": true
    },
    {
        "id": 13939459,
        "price": "0.00017350",
        "qty": "2696.00000000",
        "quoteQty": "0.46775600",
        "time": 1629978675245,
        "isBuyerMaker": true,
        "isBestMatch": true
    },
    {
        "id": 13939460,
        "price": "0.00017360",
        "qty": "1715.00000000",
        "quoteQty": "0.29772400",
        "time": 1629978757522,
        "isBuyerMaker": true,
        "isBestMatch": true
    },
    {
        "id": 13939461,
        "price": "0.00017360",
        "qty": "473.00000000",
        "quoteQty": "0.08211280",
        "time": 1629978758591,
        "isBuyerMaker": true,
        "isBestMatch": true
    },
    {
        "id": 13939462,
        "price": "0.00017380",
        "qty": "310.00000000",
        "quoteQty": "0.05387800",
        "time": 1629978759206,
        "isBuyerMaker": false,
        "isBestMatch": true
    },
    {
        "id": 13939463,
        "price": "0.00017380",
        "qty": "8593.00000000",
        "quoteQty": "1.49346340",
        "time": 1629978874536,
        "isBuyerMaker": false,
        "isBestMatch": true
    },
    {
        "id": 13939464,
        "price": "0.00017380",
        "qty": "774.00000000",
        "quoteQty": "0.13452120",
        "time": 1629978874536,
        "isBuyerMaker": false,
        "isBestMatch": true
    },
    {
        "id": 13939465,
        "price": "0.00017380",
        "qty": "310.00000000",
        "quoteQty": "0.05387800",
        "time": 1629978874536,
        "isBuyerMaker": false,
        "isBestMatch": true
    },
    {
        "id": 13939466,
        "price": "0.00017380",
        "qty": "293.00000000",
        "quoteQty": "0.05092340",
        "time": 1629978908962,
        "isBuyerMaker": false,
        "isBestMatch": true
    },
    {
        "id": 13939467,
        "price": "0.00017360",
        "qty": "4920.00000000",
        "quoteQty": "0.85411200",
        "time": 1629978931568,
        "isBuyerMaker": true,
        "isBestMatch": true
    },
    {
        "id": 13939468,
        "price": "0.00017350",
        "qty": "2047.00000000",
        "quoteQty": "0.35515450",
        "time": 1629978941959,
        "isBuyerMaker": true,
        "isBestMatch": true
    },
    {
        "id": 13939469,
        "price": "0.00017350",
        "qty": "2630.00000000",
        "quoteQty": "0.45630500",
        "time": 1629978944153,
        "isBuyerMaker": true,
        "isBestMatch": true
    },
    {
        "id": 13939470,
        "price": "0.00017340",
        "qty": "323.00000000",
        "quoteQty": "0.05600820",
        "time": 1629978946610,
        "isBuyerMaker": true,
        "isBestMatch": true
    },
    {
        "id": 13939471,
        "price": "0.00017340",
        "qty": "909.00000000",
        "quoteQty": "0.15762060",
        "time": 1629978954786,
        "isBuyerMaker": true,
        "isBestMatch": true
    },
    {
        "id": 13939472,
        "price": "0.00017340",
        "qty": "8059.00000000",
        "quoteQty": "1.39743060",
        "time": 1629978966164,
        "isBuyerMaker": true,
        "isBestMatch": true
    },
    {
        "id": 13939473,
        "price": "0.00017340",
        "qty": "323.00000000",
        "quoteQty": "0.05600820",
        "time": 1629978966164,
        "isBuyerMaker": true,
        "isBestMatch": true
    },
    {
        "id": 13939474,
        "price": "0.00017340",
        "qty": "909.00000000",
        "quoteQty": "0.15762060",
        "time": 1629978966164,
        "isBuyerMaker": true,
        "isBestMatch": true
    },
    {
        "id": 13939475,
        "price": "0.00017340",
        "qty": "2860.00000000",
        "quoteQty": "0.49592400",
        "time": 1629978995204,
        "isBuyerMaker": true,
        "isBestMatch": true
    },
    {
        "id": 13939476,
        "price": "0.00017340",
        "qty": "2860.00000000",
        "quoteQty": "0.49592400",
        "time": 1629978995731,
        "isBuyerMaker": true,
        "isBestMatch": true
    },
    {
        "id": 13939477,
        "price": "0.00017340",
        "qty": "3487.00000000",
        "quoteQty": "0.60464580",
        "time": 1629979040125,
        "isBuyerMaker": true,
        "isBestMatch": true
    },
    {
        "id": 13939478,
        "price": "0.00017340",
        "qty": "531.00000000",
        "quoteQty": "0.09207540",
        "time": 1629979048698,
        "isBuyerMaker": true,
        "isBestMatch": true
    },
    {
        "id": 13939479,
        "price": "0.00017340",
        "qty": "508.00000000",
        "quoteQty": "0.08808720",
        "time": 1629979076986,
        "isBuyerMaker": true,
        "isBestMatch": true
    },
    {
        "id": 13939480,
        "price": "0.00017340",
        "qty": "431.00000000",
        "quoteQty": "0.07473540",
        "time": 1629979076986,
        "isBuyerMaker": true,
        "isBestMatch": true
    },
    {
        "id": 13939481,
        "price": "0.00017330",
        "qty": "594.00000000",
        "quoteQty": "0.10294020",
        "time": 1629979141149,
        "isBuyerMaker": true,
        "isBestMatch": true
    },
    {
        "id": 13939482,
        "price": "0.00017330",
        "qty": "410.00000000",
        "quoteQty": "0.07105300",
        "time": 1629979141149,
        "isBuyerMaker": true,
        "isBestMatch": true
    },
    {
        "id": 13939483,
        "price": "0.00017330",
        "qty": "3888.00000000",
        "quoteQty": "0.67379040",
        "time": 1629979150812,
        "isBuyerMaker": true,
        "isBestMatch": true
    },
    {
        "id": 13939484,
        "price": "0.00017330",
        "qty": "982.00000000",
        "quoteQty": "0.17018060",
        "time": 1629979150812,
        "isBuyerMaker": true,
        "isBestMatch": true
    },
    {
        "id": 13939485,
        "price": "0.00017350",
        "qty": "412.00000000",
        "quoteQty": "0.07148200",
        "time": 1629979163395,
        "isBuyerMaker": true,
        "isBestMatch": true
    },
    {
        "id": 13939486,
        "price": "0.00017340",
        "qty": "300.00000000",
        "quoteQty": "0.05202000",
        "time": 1629979178278,
        "isBuyerMaker": true,
        "isBestMatch": true
    },
    {
        "id": 13939487,
        "price": "0.00017340",
        "qty": "2531.00000000",
        "quoteQty": "0.43887540",
        "time": 1629979213257,
        "isBuyerMaker": true,
        "isBestMatch": true
    },
    {
        "id": 13939488,
        "price": "0.00017340",
        "qty": "462.00000000",
        "quoteQty": "0.08011080",
        "time": 1629979238447,
        "isBuyerMaker": true,
        "isBestMatch": true
    },
    {
        "id": 13939489,
        "price": "0.00017360",
        "qty": "743.00000000",
        "quoteQty": "0.12898480",
        "time": 1629979247836,
        "isBuyerMaker": false,
        "isBestMatch": true
    },
    {
        "id": 13939490,
        "price": "0.00017360",
        "qty": "743.00000000",
        "quoteQty": "0.12898480",
        "time": 1629979247881,
        "isBuyerMaker": false,
        "isBestMatch": true
    },
    {
        "id": 13939491,
        "price": "0.00017360",
        "qty": "1838.00000000",
        "quoteQty": "0.31907680",
        "time": 1629979249538,
        "isBuyerMaker": false,
        "isBestMatch": true
    },
    {
        "id": 13939492,
        "price": "0.00017360",
        "qty": "5850.00000000",
        "quoteQty": "1.01556000",
        "time": 1629979249538,
        "isBuyerMaker": false,
        "isBestMatch": true
    },
    {
        "id": 13939493,
        "price": "0.00017360",
        "qty": "1486.00000000",
        "quoteQty": "0.25796960",
        "time": 1629979249538,
        "isBuyerMaker": false,
        "isBestMatch": true
    },
    {
        "id": 13939494,
        "price": "0.00017370",
        "qty": "3409.00000000",
        "quoteQty": "0.59214330",
        "time": 1629979276117,
        "isBuyerMaker": false,
        "isBestMatch": true
    },
    {
        "id": 13939495,
        "price": "0.00017370",
        "qty": "42.00000000",
        "quoteQty": "0.00729540",
        "time": 1629979276117,
        "isBuyerMaker": false,
        "isBestMatch": true
    },
    {
        "id": 13939496,
        "price": "0.00017370",
        "qty": "3409.00000000",
        "quoteQty": "0.59214330",
        "time": 1629979277188,
        "isBuyerMaker": false,
        "isBestMatch": true
    },
    {
        "id": 13939497,
        "price": "0.00017380",
        "qty": "594.00000000",
        "quoteQty": "0.10323720",
        "time": 1629979278541,
        "isBuyerMaker": false,
        "isBestMatch": true
    },
    {
        "id": 13939498,
        "price": "0.00017380",
        "qty": "6483.00000000",
        "quoteQty": "1.12674540",
        "time": 1629979278541,
        "isBuyerMaker": false,
        "isBestMatch": true
    },
    {
        "id": 13939499,
        "price": "0.00017380",
        "qty": "3057.00000000",
        "quoteQty": "0.53130660",
        "time": 1629979278541,
        "isBuyerMaker": false,
        "isBestMatch": true
    },
    {
        "id": 13939500,
        "price": "0.00017380",
        "qty": "9828.00000000",
        "quoteQty": "1.70810640",
        "time": 1629979327790,
        "isBuyerMaker": false,
        "isBestMatch": true
    },
    {
        "id": 13939501,
        "price": "0.00017380",
        "qty": "22900.00000000",
        "quoteQty": "3.98002000",
        "time": 1629979327835,
        "isBuyerMaker": false,
        "isBestMatch": true
    },
    {
        "id": 13939502,
        "price": "0.00017370",
        "qty": "10053.00000000",
        "quoteQty": "1.74620610",
        "time": 1629979333304,
        "isBuyerMaker": true,
        "isBestMatch": true
    },
    {
        "id": 13939503,
        "price": "0.00017380",
        "qty": "377.00000000",
        "quoteQty": "0.06552260",
        "time": 1629979345283,
        "isBuyerMaker": false,
        "isBestMatch": true
    },
    {
        "id": 13939504,
        "price": "0.00017380",
        "qty": "711.00000000",
        "quoteQty": "0.12357180",
        "time": 1629979363348,
        "isBuyerMaker": true,
        "isBestMatch": true
    },
    {
        "id": 13939505,
        "price": "0.00017370",
        "qty": "1176.00000000",
        "quoteQty": "0.20427120",
        "time": 1629979372985,
        "isBuyerMaker": true,
        "isBestMatch": true
    },
    {
        "id": 13939506,
        "price": "0.00017370",
        "qty": "2310.00000000",
        "quoteQty": "0.40124700",
        "time": 1629979392294,
        "isBuyerMaker": true,
        "isBestMatch": true
    },
    {
        "id": 13939507,
        "price": "0.00017360",
        "qty": "9519.00000000",
        "quoteQty": "1.65249840",
        "time": 1629979429939,
        "isBuyerMaker": true,
        "isBestMatch": true
    },
    {
        "id": 13939508,
        "price": "0.00017360",
        "qty": "979.00000000",
        "quoteQty": "0.16995440",
        "time": 1629979431711,
        "isBuyerMaker": false,
        "isBestMatch": true
    },
    {
        "id": 13939509,
        "price": "0.00017350",
        "qty": "689.00000000",
        "quoteQty": "0.11954150",
        "time": 1629979433582,
        "isBuyerMaker": true,
        "isBestMatch": true
    },
    {
        "id": 13939510,
        "price": "0.00017360",
        "qty": "523.00000000",
        "quoteQty": "0.09079280",
        "time": 1629979436691,
        "isBuyerMaker": true,
        "isBestMatch": true
    },
    {
        "id": 13939511,
        "price": "0.00017350",
        "qty": "3855.00000000",
        "quoteQty": "0.66884250",
        "time": 1629979437131,
        "isBuyerMaker": true,
        "isBestMatch": true
    },
    {
        "id": 13939512,
        "price": "0.00017350",
        "qty": "689.00000000",
        "quoteQty": "0.11954150",
        "time": 1629979437131,
        "isBuyerMaker": true,
        "isBestMatch": true
    },
    {
        "id": 13939513,
        "price": "0.00017350",
        "qty": "420.00000000",
        "quoteQty": "0.07287000",
        "time": 1629979437131,
        "isBuyerMaker": true,
        "isBestMatch": true
    },
    {
        "id": 13939514,
        "price": "0.00017340",
        "qty": "673.00000000",
        "quoteQty": "0.11669820",
        "time": 1629979449462,
        "isBuyerMaker": true,
        "isBestMatch": true
    },
    {
        "id": 13939515,
        "price": "0.00017340",
        "qty": "713.00000000",
        "quoteQty": "0.12363420",
        "time": 1629979468306,
        "isBuyerMaker": true,
        "isBestMatch": true
    },
    {
        "id": 13939516,
        "price": "0.00017340",
        "qty": "2684.00000000",
        "quoteQty": "0.46540560",
        "time": 1629979476073,
        "isBuyerMaker": true,
        "isBestMatch": true
    },
    {
        "id": 13939517,
        "price": "0.00017340",
        "qty": "5327.00000000",
        "quoteQty": "0.92370180",
        "time": 1629979476073,
        "isBuyerMaker": true,
        "isBestMatch": true
    },
    {
        "id": 13939518,
        "price": "0.00017340",
        "qty": "673.00000000",
        "quoteQty": "0.11669820",
        "time": 1629979476073,
        "isBuyerMaker": true,
        "isBestMatch": true
    },
    {
        "id": 13939519,
        "price": "0.00017340",
        "qty": "713.00000000",
        "quoteQty": "0.12363420",
        "time": 1629979476073,
        "isBuyerMaker": true,
        "isBestMatch": true
    },
    {
        "id": 13939520,
        "price": "0.00017340",
        "qty": "2425.00000000",
        "quoteQty": "0.42049500",
        "time": 1629979504058,
        "isBuyerMaker": true,
        "isBestMatch": true
    },
    {
        "id": 13939521,
        "price": "0.00017340",
        "qty": "304.00000000",
        "quoteQty": "0.05271360",
        "time": 1629979522220,
        "isBuyerMaker": true,
        "isBestMatch": true
    },
    {
        "id": 13939522,
        "price": "0.00017330",
        "qty": "594.00000000",
        "quoteQty": "0.10294020",
        "time": 1629979531331,
        "isBuyerMaker": true,
        "isBestMatch": true
    },
    {
        "id": 13939523,
        "price": "0.00017340",
        "qty": "296.00000000",
        "quoteQty": "0.05132640",
        "time": 1629979562381,
        "isBuyerMaker": true,
        "isBestMatch": true
    },
    {
        "id": 13939524,
        "price": "0.00017360",
        "qty": "4880.00000000",
        "quoteQty": "0.84716800",
        "time": 1629979567240,
        "isBuyerMaker": false,
        "isBestMatch": true
    },
    {
        "id": 13939525,
        "price": "0.00017370",
        "qty": "9113.00000000",
        "quoteQty": "1.58292810",
        "time": 1629979584989,
        "isBuyerMaker": false,
        "isBestMatch": true
    },
    {
        "id": 13939526,
        "price": "0.00017370",
        "qty": "239.00000000",
        "quoteQty": "0.04151430",
        "time": 1629979584989,
        "isBuyerMaker": false,
        "isBestMatch": true
    },
    {
        "id": 13939527,
        "price": "0.00017360",
        "qty": "346.00000000",
        "quoteQty": "0.06006560",
        "time": 1629979612099,
        "isBuyerMaker": false,
        "isBestMatch": true
    },
    {
        "id": 13939528,
        "price": "0.00017340",
        "qty": "10980.00000000",
        "quoteQty": "1.90393200",
        "time": 1629979615688,
        "isBuyerMaker": true,
        "isBestMatch": true
    },
    {
        "id": 13939529,
        "price": "0.00017330",
        "qty": "4586.00000000",
        "quoteQty": "0.79475380",
        "time": 1629979617648,
        "isBuyerMaker": true,
        "isBestMatch": true
    },
    {
        "id": 13939530,
        "price": "0.00017320",
        "qty": "594.00000000",
        "quoteQty": "0.10288080",
        "time": 1629979617881,
        "isBuyerMaker": true,
        "isBestMatch": true
    },
    {
        "id": 13939531,
        "price": "0.00017320",
        "qty": "4174.00000000",
        "quoteQty": "0.72293680",
        "time": 1629979617881,
        "isBuyerMaker": true,
        "isBestMatch": true
    },
    {
        "id": 13939532,
        "price": "0.00017300",
        "qty": "595.00000000",
        "quoteQty": "0.10293500",
        "time": 1629979620069,
        "isBuyerMaker": true,
        "isBestMatch": true
    },
    {
        "id": 13939533,
        "price": "0.00017300",
        "qty": "5781.00000000",
        "quoteQty": "1.00011300",
        "time": 1629979620069,
        "isBuyerMaker": true,
        "isBestMatch": true
    },
    {
        "id": 13939534,
        "price": "0.00017300",
        "qty": "300.00000000",
        "quoteQty": "0.05190000",
        "time": 1629979620069,
        "isBuyerMaker": true,
        "isBestMatch": true
    },
    {
        "id": 13939535,
        "price": "0.00017300",
        "qty": "300.00000000",
        "quoteQty": "0.05190000",
        "time": 1629979620069,
        "isBuyerMaker": true,
        "isBestMatch": true
    },
    {
        "id": 13939536,
        "price": "0.00017300",
        "qty": "97.00000000",
        "quoteQty": "0.01678100",
        "time": 1629979620069,
        "isBuyerMaker": true,
        "isBestMatch": true
    },
    {
        "id": 13939537,
        "price": "0.00017300",
        "qty": "4494.00000000",
        "quoteQty": "0.77746200",
        "time": 1629979620100,
        "isBuyerMaker": true,
        "isBestMatch": true
    },
    {
        "id": 13939538,
        "price": "0.00017300",
        "qty": "10152.00000000",
        "quoteQty": "1.75629600",
        "time": 1629979620100,
        "isBuyerMaker": true,
        "isBestMatch": true
    },
    {
        "id": 13939539,
        "price": "0.00017300",
        "qty": "180.00000000",
        "quoteQty": "0.03114000",
        "time": 1629979620146,
        "isBuyerMaker": true,
        "isBestMatch": true
    },
    {
        "id": 13939540,
        "price": "0.00017290",
        "qty": "380.00000000",
        "quoteQty": "0.06570200",
        "time": 1629979620276,
        "isBuyerMaker": true,
        "isBestMatch": true
    },
    {
        "id": 13939541,
        "price": "0.00017280",
        "qty": "596.00000000",
        "quoteQty": "0.10298880",
        "time": 1629979620507,
        "isBuyerMaker": true,
        "isBestMatch": true
    },
    {
        "id": 13939542,
        "price": "0.00017280",
        "qty": "3444.00000000",
        "quoteQty": "0.59512320",
        "time": 1629979620507,
        "isBuyerMaker": true,
        "isBestMatch": true
    },
    {
        "id": 13939543,
        "price": "0.00017280",
        "qty": "6863.00000000",
        "quoteQty": "1.18592640",
        "time": 1629979620509,
        "isBuyerMaker": true,
        "isBestMatch": true
    },
    {
        "id": 13939544,
        "price": "0.00017280",
        "qty": "7386.00000000",
        "quoteQty": "1.27630080",
        "time": 1629979620680,
        "isBuyerMaker": true,
        "isBestMatch": true
    },
    {
        "id": 13939545,
        "price": "0.00017290",
        "qty": "394.00000000",
        "quoteQty": "0.06812260",
        "time": 1629979627831,
        "isBuyerMaker": false,
        "isBestMatch": true
    },
    {
        "id": 13939546,
        "price": "0.00017290",
        "qty": "9190.00000000",
        "quoteQty": "1.58895100",
        "time": 1629979630765,
        "isBuyerMaker": false,
        "isBestMatch": true
    },
    {
        "id": 13939547,
        "price": "0.00017290",
        "qty": "394.00000000",
        "quoteQty": "0.06812260",
        "time": 1629979630765,
        "isBuyerMaker": false,
        "isBestMatch": true
    },
    {
        "id": 13939548,
        "price": "0.00017320",
        "qty": "1019.00000000",
        "quoteQty": "0.17649080",
        "time": 1629979649989,
        "isBuyerMaker": false,
        "isBestMatch": true
    },
    {
        "id": 13939549,
        "price": "0.00017320",
        "qty": "340.00000000",
        "quoteQty": "0.05888800",
        "time": 1629979649992,
        "isBuyerMaker": false,
        "isBestMatch": true
    },
    {
        "id": 13939550,
        "price": "0.00017320",
        "qty": "340.00000000",
        "quoteQty": "0.05888800",
        "time": 1629979649996,
        "isBuyerMaker": false,
        "isBestMatch": true
    },
    {
        "id": 13939551,
        "price": "0.00017290",
        "qty": "1152.00000000",
        "quoteQty": "0.19918080",
        "time": 1629979681524,
        "isBuyerMaker": true,
        "isBestMatch": true
    },
    {
        "id": 13939552,
        "price": "0.00017310",
        "qty": "337.00000000",
        "quoteQty": "0.05833470",
        "time": 1629979685264,
        "isBuyerMaker": false,
        "isBestMatch": true
    },
    {
        "id": 13939553,
        "price": "0.00017300",
        "qty": "5780.00000000",
        "quoteQty": "0.99994000",
        "time": 1629979691994,
        "isBuyerMaker": false,
        "isBestMatch": true
    },
    {
        "id": 13939554,
        "price": "0.00017300",
        "qty": "5340.00000000",
        "quoteQty": "0.92382000",
        "time": 1629979692488,
        "isBuyerMaker": false,
        "isBestMatch": true
    },
    {
        "id": 13939555,
        "price": "0.00017300",
        "qty": "445.00000000",
        "quoteQty": "0.07698500",
        "time": 1629979692539,
        "isBuyerMaker": false,
        "isBestMatch": true
    },
    {
        "id": 13939556,
        "price": "0.00017300",
        "qty": "1979.00000000",
        "quoteQty": "0.34236700",
        "time": 1629979723812,
        "isBuyerMaker": false,
        "isBestMatch": true
    },
    {
        "id": 13939557,
        "price": "0.00017300",
        "qty": "1674.00000000",
        "quoteQty": "0.28960200",
        "time": 1629979749810,
        "isBuyerMaker": false,
        "isBestMatch": true
    },
    {
        "id": 13939558,
        "price": "0.00017300",
        "qty": "10142.00000000",
        "quoteQty": "1.75456600",
        "time": 1629979760440,
        "isBuyerMaker": false,
        "isBestMatch": true
    },
    {
        "id": 13939559,
        "price": "0.00017300",
        "qty": "510.00000000",
        "quoteQty": "0.08823000",
        "time": 1629979807788,
        "isBuyerMaker": false,
        "isBestMatch": true
    },
    {
        "id": 13939560,
        "price": "0.00017280",
        "qty": "759.00000000",
        "quoteQty": "0.13115520",
        "time": 1629979820875,
        "isBuyerMaker": true,
        "isBestMatch": true
    },
    {
        "id": 13939561,
        "price": "0.00017280",
        "qty": "580.00000000",
        "quoteQty": "0.10022400",
        "time": 1629979842585,
        "isBuyerMaker": true,
        "isBestMatch": true
    },
    {
        "id": 13939562,
        "price": "0.00017310",
        "qty": "2991.00000000",
        "quoteQty": "0.51774210",
        "time": 1629979878193,
        "isBuyerMaker": false,
        "isBestMatch": true
    },
    {
        "id": 13939563,
        "price": "0.00017270",
        "qty": "4689.00000000",
        "quoteQty": "0.80979030",
        "time": 1629980037890,
        "isBuyerMaker": true,
        "isBestMatch": true
    },
    {
        "id": 13939564,
        "price": "0.00017290",
        "qty": "9736.00000000",
        "quoteQty": "1.68335440",
        "time": 1629980068037,
        "isBuyerMaker": false,
        "isBestMatch": true
    },
    {
        "id": 13939565,
        "price": "0.00017290",
        "qty": "2050.00000000",
        "quoteQty": "0.35444500",
        "time": 1629980068037,
        "isBuyerMaker": false,
        "isBestMatch": true
    },
    {
        "id": 13939566,
        "price": "0.00017270",
