[
    {
        "id": 5290121,
        "price": "0.00004569",
        "qty": "132.00000000",
        "quoteQty": "0.00603108",
        "time": 1629979817372,
        "isBuyerMaker": true,
        "isBestMatch": true
    },
    {
        "id": 5290122,
        "price": "0.00004566",
        "qty": "9797.00000000",
        "quoteQty": "0.44733102",
        "time": 1629979817950,
        "isBuyerMaker": true,
        "isBestMatch": true
    },
    {
        "id": 5290123,
        "price": "0.00004563",
        "qty": "303.00000000",
        "quoteQty": "0.01382589",
        "time": 1629979819178,
        "isBuyerMaker": true,
        "isBestMatch": true
    },
    {
        "id": 5290124,
        "price": "0.00004563",
        "qty": "219.00000000",
        "quoteQty": "0.00999297",
        "time": 1629979819178,
        "isBuyerMaker": true,
        "isBestMatch": true
    },
    {
        "id": 5290125,
        "price": "0.00004561",
        "qty": "3600.00000000",
        "quoteQty": "0.16419600",
        "time": 1629979819803,
        "isBuyerMaker": true,
        "isBestMatch": true
    },
    {
        "id": 5290126,
        "price": "0.00004577",
        "qty": "131.00000000",
        "quoteQty": "0.00599587",
        "time": 1629979825892,
        "isBuyerMaker": true,
        "isBestMatch": true
    },
    {
        "id": 5290127,
        "price": "0.00004561",
        "qty": "984.00000000",
        "quoteQty": "0.04488024",
        "time": 1629979830841,
        "isBuyerMaker": true,
        "isBestMatch": true
    },
    {
        "id": 5290128,
        "price": "0.00004561",
        "qty": "289.00000000",
        "quoteQty": "0.01318129",
        "time": 1629979832585,
        "isBuyerMaker": true,
        "isBestMatch": true
    },
    {
        "id": 5290129,
        "price": "0.00004561",
        "qty": "16727.00000000",
        "quoteQty": "0.76291847",
        "time": 1629979841634,
        "isBuyerMaker": true,
        "isBestMatch": true
    },
    {
        "id": 5290130,
        "price": "0.00004561",
        "qty": "4385.00000000",
        "quoteQty": "0.19999985",
        "time": 1629979841634,
        "isBuyerMaker": true,
        "isBestMatch": true
    },
    {
        "id": 5290131,
        "price": "0.00004561",
        "qty": "4385.00000000",
        "quoteQty": "0.19999985",
        "time": 1629979842135,
        "isBuyerMaker": true,
        "isBestMatch": true
    },
    {
        "id": 5290132,
        "price": "0.00004560",
        "qty": "213.00000000",
        "quoteQty": "0.00971280",
        "time": 1629979842135,
        "isBuyerMaker": true,
        "isBestMatch": true
    },
    {
        "id": 5290133,
        "price": "0.00004558",
        "qty": "223.00000000",
        "quoteQty": "0.01016434",
        "time": 1629979842135,
        "isBuyerMaker": true,
        "isBestMatch": true
    },
    {
        "id": 5290134,
        "price": "0.00004558",
        "qty": "220.00000000",
        "quoteQty": "0.01002760",
        "time": 1629979842135,
        "isBuyerMaker": true,
        "isBestMatch": true
    },
    {
        "id": 5290135,
        "price": "0.00004556",
        "qty": "219.00000000",
        "quoteQty": "0.00997764",
        "time": 1629979842547,
        "isBuyerMaker": true,
        "isBestMatch": true
    },
    {
        "id": 5290136,
        "price": "0.00004556",
        "qty": "220.00000000",
        "quoteQty": "0.01002320",
        "time": 1629979842547,
        "isBuyerMaker": true,
        "isBestMatch": true
    },
    {
        "id": 5290137,
        "price": "0.00004563",
        "qty": "381.00000000",
        "quoteQty": "0.01738503",
        "time": 1629979843946,
        "isBuyerMaker": true,
        "isBestMatch": true
    },
    {
        "id": 5290138,
        "price": "0.00004561",
        "qty": "496.00000000",
        "quoteQty": "0.02262256",
        "time": 1629979847688,
        "isBuyerMaker": false,
        "isBestMatch": true
    },
    {
        "id": 5290139,
        "price": "0.00004561",
        "qty": "1509.00000000",
        "quoteQty": "0.06882549",
        "time": 1629979848085,
        "isBuyerMaker": false,
        "isBestMatch": true
    },
    {
        "id": 5290140,
        "price": "0.00004556",
        "qty": "14413.00000000",
        "quoteQty": "0.65665628",
        "time": 1629979854574,
        "isBuyerMaker": true,
        "isBestMatch": true
    },
    {
        "id": 5290141,
        "price": "0.00004556",
        "qty": "3587.00000000",
        "quoteQty": "0.16342372",
        "time": 1629979854575,
        "isBuyerMaker": true,
        "isBestMatch": true
    },
    {
        "id": 5290142,
        "price": "0.00004556",
        "qty": "4389.00000000",
        "quoteQty": "0.19996284",
        "time": 1629979854575,
        "isBuyerMaker": true,
        "isBestMatch": true
    },
    {
        "id": 5290143,
        "price": "0.00004561",
        "qty": "496.00000000",
        "quoteQty": "0.02262256",
        "time": 1629979856780,
        "isBuyerMaker": false,
        "isBestMatch": true
    },
    {
        "id": 5290144,
        "price": "0.00004555",
        "qty": "351.00000000",
        "quoteQty": "0.01598805",
        "time": 1629979859915,
        "isBuyerMaker": true,
        "isBestMatch": true
    },
    {
        "id": 5290145,
        "price": "0.00004555",
        "qty": "18000.00000000",
        "quoteQty": "0.81990000",
        "time": 1629979859915,
        "isBuyerMaker": true,
        "isBestMatch": true
    },
    {
        "id": 5290146,
        "price": "0.00004555",
        "qty": "4390.00000000",
        "quoteQty": "0.19996450",
        "time": 1629979859915,
        "isBuyerMaker": true,
        "isBestMatch": true
    },
    {
        "id": 5290147,
        "price": "0.00004554",
        "qty": "496.00000000",
        "quoteQty": "0.02258784",
        "time": 1629979863126,
        "isBuyerMaker": true,
        "isBestMatch": true
    },
    {
        "id": 5290148,
        "price": "0.00004554",
        "qty": "113.00000000",
        "quoteQty": "0.00514602",
        "time": 1629979863127,
        "isBuyerMaker": true,
        "isBestMatch": true
    },
    {
        "id": 5290149,
        "price": "0.00004554",
        "qty": "238.00000000",
        "quoteQty": "0.01083852",
        "time": 1629979863127,
        "isBuyerMaker": true,
        "isBestMatch": true
    },
    {
        "id": 5290150,
        "price": "0.00004551",
        "qty": "449.00000000",
        "quoteQty": "0.02043399",
        "time": 1629979864504,
        "isBuyerMaker": true,
        "isBestMatch": true
    },
    {
        "id": 5290151,
        "price": "0.00004551",
        "qty": "3036.00000000",
        "quoteQty": "0.13816836",
        "time": 1629979864504,
        "isBuyerMaker": true,
        "isBestMatch": true
    },
    {
        "id": 5290152,
        "price": "0.00004551",
        "qty": "121.00000000",
        "quoteQty": "0.00550671",
        "time": 1629979864504,
        "isBuyerMaker": true,
        "isBestMatch": true
    },
    {
        "id": 5290153,
        "price": "0.00004550",
        "qty": "220.00000000",
        "quoteQty": "0.01001000",
        "time": 1629979865892,
        "isBuyerMaker": true,
        "isBestMatch": true
    },
    {
        "id": 5290154,
        "price": "0.00004550",
        "qty": "227.00000000",
        "quoteQty": "0.01032850",
        "time": 1629979865892,
        "isBuyerMaker": true,
        "isBestMatch": true
    },
    {
        "id": 5290155,
        "price": "0.00004549",
        "qty": "303.00000000",
        "quoteQty": "0.01378347",
        "time": 1629979865959,
        "isBuyerMaker": true,
        "isBestMatch": true
    },
    {
        "id": 5290156,
        "price": "0.00004549",
        "qty": "222.00000000",
        "quoteQty": "0.01009878",
        "time": 1629979865959,
        "isBuyerMaker": true,
        "isBestMatch": true
    },
    {
        "id": 5290157,
        "price": "0.00004549",
        "qty": "361.00000000",
        "quoteQty": "0.01642189",
        "time": 1629979865959,
        "isBuyerMaker": true,
        "isBestMatch": true
    },
    {
        "id": 5290158,
        "price": "0.00004546",
        "qty": "219.00000000",
        "quoteQty": "0.00995574",
        "time": 1629979867600,
        "isBuyerMaker": true,
        "isBestMatch": true
    },
    {
        "id": 5290159,
        "price": "0.00004546",
        "qty": "4399.00000000",
        "quoteQty": "0.19997854",
        "time": 1629979867600,
        "isBuyerMaker": true,
        "isBestMatch": true
    },
    {
        "id": 5290160,
        "price": "0.00004548",
        "qty": "3000.00000000",
        "quoteQty": "0.13644000",
        "time": 1629979883945,
        "isBuyerMaker": true,
        "isBestMatch": true
    },
    {
        "id": 5290161,
        "price": "0.00004571",
        "qty": "18000.00000000",
        "quoteQty": "0.82278000",
        "time": 1629979887867,
        "isBuyerMaker": false,
        "isBestMatch": true
    },
    {
        "id": 5290162,
        "price": "0.00004572",
        "qty": "219.00000000",
        "quoteQty": "0.01001268",
        "time": 1629979889621,
        "isBuyerMaker": false,
        "isBestMatch": true
    },
    {
        "id": 5290163,
        "price": "0.00004573",
        "qty": "303.00000000",
        "quoteQty": "0.01385619",
        "time": 1629979889997,
        "isBuyerMaker": false,
        "isBestMatch": true
    },
    {
        "id": 5290164,
        "price": "0.00004577",
        "qty": "12313.00000000",
        "quoteQty": "0.56356601",
        "time": 1629979890045,
        "isBuyerMaker": false,
        "isBestMatch": true
    },
    {
        "id": 5290165,
        "price": "0.00004577",
        "qty": "5687.00000000",
        "quoteQty": "0.26029399",
        "time": 1629979890046,
        "isBuyerMaker": false,
        "isBestMatch": true
    },
    {
        "id": 5290166,
        "price": "0.00004578",
        "qty": "609.00000000",
        "quoteQty": "0.02788002",
        "time": 1629979891871,
        "isBuyerMaker": false,
        "isBestMatch": true
    },
    {
        "id": 5290167,
        "price": "0.00004579",
        "qty": "449.00000000",
        "quoteQty": "0.02055971",
        "time": 1629979893686,
        "isBuyerMaker": false,
        "isBestMatch": true
    },
    {
        "id": 5290168,
        "price": "0.00004581",
        "qty": "220.00000000",
        "quoteQty": "0.01007820",
        "time": 1629979895446,
        "isBuyerMaker": false,
        "isBestMatch": true
    },
    {
        "id": 5290169,
        "price": "0.00004582",
        "qty": "3036.00000000",
        "quoteQty": "0.13910952",
        "time": 1629979896744,
        "isBuyerMaker": false,
        "isBestMatch": true
    },
    {
        "id": 5290170,
        "price": "0.00004583",
        "qty": "381.00000000",
        "quoteQty": "0.01746123",
        "time": 1629979897526,
        "isBuyerMaker": false,
        "isBestMatch": true
    },
    {
        "id": 5290171,
        "price": "0.00004584",
        "qty": "238.00000000",
        "quoteQty": "0.01090992",
        "time": 1629979897773,
        "isBuyerMaker": false,
        "isBestMatch": true
    },
    {
        "id": 5290172,
        "price": "0.00004587",
        "qty": "303.00000000",
        "quoteQty": "0.01389861",
        "time": 1629979898044,
        "isBuyerMaker": false,
        "isBestMatch": true
    },
    {
        "id": 5290173,
        "price": "0.00004587",
        "qty": "220.00000000",
        "quoteQty": "0.01009140",
        "time": 1629979898044,
        "isBuyerMaker": false,
        "isBestMatch": true
    },
    {
        "id": 5290174,
        "price": "0.00004587",
        "qty": "220.00000000",
        "quoteQty": "0.01009140",
        "time": 1629979898044,
        "isBuyerMaker": false,
        "isBestMatch": true
    },
    {
        "id": 5290175,
        "price": "0.00004573",
        "qty": "2579.00000000",
        "quoteQty": "0.11793767",
        "time": 1629979899238,
        "isBuyerMaker": true,
        "isBestMatch": true
    },
    {
        "id": 5290176,
        "price": "0.00004586",
        "qty": "18000.00000000",
        "quoteQty": "0.82548000",
        "time": 1629979901205,
        "isBuyerMaker": false,
        "isBestMatch": true
    },
    {
        "id": 5290177,
        "price": "0.00004587",
        "qty": "20000.00000000",
        "quoteQty": "0.91740000",
        "time": 1629979901782,
        "isBuyerMaker": false,
        "isBestMatch": true
    },
    {
        "id": 5290178,
        "price": "0.00004588",
        "qty": "18000.00000000",
        "quoteQty": "0.82584000",
        "time": 1629979904976,
        "isBuyerMaker": false,
        "isBestMatch": true
    },
    {
        "id": 5290179,
        "price": "0.00004573",
        "qty": "4050.00000000",
        "quoteQty": "0.18520650",
        "time": 1629979909118,
        "isBuyerMaker": true,
        "isBestMatch": true
    },
    {
        "id": 5290180,
        "price": "0.00004586",
        "qty": "18000.00000000",
        "quoteQty": "0.82548000",
        "time": 1629979928783,
        "isBuyerMaker": false,
        "isBestMatch": true
    },
    {
        "id": 5290181,
        "price": "0.00004586",
        "qty": "20000.00000000",
        "quoteQty": "0.91720000",
        "time": 1629979928783,
        "isBuyerMaker": false,
        "isBestMatch": true
    },
    {
        "id": 5290182,
        "price": "0.00004589",
        "qty": "219.00000000",
        "quoteQty": "0.01004991",
        "time": 1629979929742,
        "isBuyerMaker": false,
        "isBestMatch": true
    },
    {
        "id": 5290183,
        "price": "0.00004589",
        "qty": "120.00000000",
        "quoteQty": "0.00550680",
        "time": 1629979929742,
        "isBuyerMaker": false,
        "isBestMatch": true
    },
    {
        "id": 5290184,
        "price": "0.00004590",
        "qty": "223.00000000",
        "quoteQty": "0.01023570",
        "time": 1629979930836,
        "isBuyerMaker": false,
        "isBestMatch": true
    },
    {
        "id": 5290185,
        "price": "0.00004592",
        "qty": "8756.00000000",
        "quoteQty": "0.40207552",
        "time": 1629979938211,
        "isBuyerMaker": false,
        "isBestMatch": true
    },
    {
        "id": 5290186,
        "price": "0.00004593",
        "qty": "32.00000000",
        "quoteQty": "0.00146976",
        "time": 1629979938644,
        "isBuyerMaker": false,
        "isBestMatch": true
    },
    {
        "id": 5290187,
        "price": "0.00004593",
        "qty": "575.00000000",
        "quoteQty": "0.02640975",
        "time": 1629979941203,
        "isBuyerMaker": false,
        "isBestMatch": true
    },
    {
        "id": 5290188,
        "price": "0.00004593",
        "qty": "351.00000000",
        "quoteQty": "0.01612143",
        "time": 1629979941203,
        "isBuyerMaker": false,
        "isBestMatch": true
    },
    {
        "id": 5290189,
        "price": "0.00004594",
        "qty": "189.00000000",
        "quoteQty": "0.00868266",
        "time": 1629979941782,
        "isBuyerMaker": false,
        "isBestMatch": true
    },
    {
        "id": 5290190,
        "price": "0.00004594",
        "qty": "191.00000000",
        "quoteQty": "0.00877454",
        "time": 1629979941782,
        "isBuyerMaker": false,
        "isBestMatch": true
    },
    {
        "id": 5290191,
        "price": "0.00004596",
        "qty": "219.00000000",
        "quoteQty": "0.01006524",
        "time": 1629979942274,
        "isBuyerMaker": false,
        "isBestMatch": true
    },
    {
        "id": 5290192,
        "price": "0.00004598",
        "qty": "18000.00000000",
        "quoteQty": "0.82764000",
        "time": 1629979948830,
        "isBuyerMaker": false,
        "isBestMatch": true
    },
    {
        "id": 5290193,
        "price": "0.00004599",
        "qty": "449.00000000",
        "quoteQty": "0.02064951",
        "time": 1629979948910,
        "isBuyerMaker": false,
        "isBestMatch": true
    },
    {
        "id": 5290194,
        "price": "0.00004601",
        "qty": "301.00000000",
        "quoteQty": "0.01384901",
        "time": 1629979950433,
        "isBuyerMaker": false,
        "isBestMatch": true
    },
    {
        "id": 5290195,
        "price": "0.00004588",
        "qty": "10297.00000000",
        "quoteQty": "0.47242636",
        "time": 1629979969470,
        "isBuyerMaker": true,
        "isBestMatch": true
    },
    {
        "id": 5290196,
        "price": "0.00004588",
        "qty": "7703.00000000",
        "quoteQty": "0.35341364",
        "time": 1629979969470,
        "isBuyerMaker": true,
        "isBestMatch": true
    },
    {
        "id": 5290197,
        "price": "0.00004587",
        "qty": "18000.00000000",
        "quoteQty": "0.82566000",
        "time": 1629980029690,
        "isBuyerMaker": true,
        "isBestMatch": true
    },
    {
        "id": 5290198,
        "price": "0.00004580",
        "qty": "110.00000000",
        "quoteQty": "0.00503800",
        "time": 1629980029767,
        "isBuyerMaker": true,
        "isBestMatch": true
    },
    {
        "id": 5290199,
        "price": "0.00004580",
        "qty": "9000.00000000",
        "quoteQty": "0.41220000",
        "time": 1629980029767,
        "isBuyerMaker": true,
        "isBestMatch": true
    },
    {
        "id": 5290200,
        "price": "0.00004580",
        "qty": "3000.00000000",
        "quoteQty": "0.13740000",
        "time": 1629980045878,
        "isBuyerMaker": false,
        "isBestMatch": true
    },
    {
        "id": 5290201,
        "price": "0.00004578",
        "qty": "18000.00000000",
        "quoteQty": "0.82404000",
        "time": 1629980064643,
        "isBuyerMaker": true,
        "isBestMatch": true
    },
    {
        "id": 5290202,
        "price": "0.00004577",
        "qty": "302.00000000",
        "quoteQty": "0.01382254",
        "time": 1629980064941,
        "isBuyerMaker": true,
        "isBestMatch": true
    },
    {
        "id": 5290203,
        "price": "0.00004574",
        "qty": "380.00000000",
        "quoteQty": "0.01738120",
        "time": 1629980066215,
        "isBuyerMaker": true,
        "isBestMatch": true
    },
    {
        "id": 5290204,
        "price": "0.00004574",
        "qty": "22068.00000000",
        "quoteQty": "1.00939032",
        "time": 1629980066215,
        "isBuyerMaker": true,
        "isBestMatch": true
    },
    {
        "id": 5290205,
        "price": "0.00004573",
        "qty": "9000.00000000",
        "quoteQty": "0.41157000",
        "time": 1629980067675,
        "isBuyerMaker": true,
        "isBestMatch": true
    },
    {
        "id": 5290206,
        "price": "0.00004571",
        "qty": "449.00000000",
        "quoteQty": "0.02052379",
        "time": 1629980068051,
        "isBuyerMaker": true,
        "isBestMatch": true
    },
    {
        "id": 5290207,
        "price": "0.00004573",
        "qty": "6717.00000000",
        "quoteQty": "0.30716841",
        "time": 1629980076797,
        "isBuyerMaker": true,
        "isBestMatch": true
    },
    {
        "id": 5290208,
        "price": "0.00004594",
        "qty": "380.00000000",
        "quoteQty": "0.01745720",
        "time": 1629980146275,
        "isBuyerMaker": false,
        "isBestMatch": true
    },
    {
        "id": 5290209,
        "price": "0.00004597",
        "qty": "204.00000000",
        "quoteQty": "0.00937788",
        "time": 1629980147186,
        "isBuyerMaker": false,
        "isBestMatch": true
    },
    {
        "id": 5290210,
        "price": "0.00004597",
        "qty": "1577.00000000",
        "quoteQty": "0.07249469",
        "time": 1629980150448,
        "isBuyerMaker": false,
        "isBestMatch": true
    },
    {
        "id": 5290211,
        "price": "0.00004599",
        "qty": "449.00000000",
        "quoteQty": "0.02064951",
        "time": 1629980152892,
        "isBuyerMaker": false,
        "isBestMatch": true
    },
    {
        "id": 5290212,
        "price": "0.00004601",
        "qty": "301.00000000",
        "quoteQty": "0.01384901",
        "time": 1629980153462,
        "isBuyerMaker": false,
        "isBestMatch": true
    },
    {
        "id": 5290213,
        "price": "0.00004605",
        "qty": "379.00000000",
        "quoteQty": "0.01745295",
        "time": 1629980156568,
        "isBuyerMaker": false,
        "isBestMatch": true
    },
    {
        "id": 5290214,
        "price": "0.00004605",
        "qty": "237.00000000",
        "quoteQty": "0.01091385",
        "time": 1629980156568,
        "isBuyerMaker": false,
        "isBestMatch": true
    },
    {
        "id": 5290215,
        "price": "0.00004605",
        "qty": "219.00000000",
        "quoteQty": "0.01008495",
        "time": 1629980156568,
        "isBuyerMaker": false,
        "isBestMatch": true
    },
    {
        "id": 5290216,
        "price": "0.00004599",
        "qty": "12830.00000000",
        "quoteQty": "0.59005170",
        "time": 1629980158012,
        "isBuyerMaker": false,
        "isBestMatch": true
    },
    {
        "id": 5290217,
        "price": "0.00004604",
        "qty": "12768.00000000",
        "quoteQty": "0.58783872",
        "time": 1629980162200,
        "isBuyerMaker": false,
        "isBestMatch": true
    },
    {
        "id": 5290218,
        "price": "0.00004605",
        "qty": "18000.00000000",
        "quoteQty": "0.82890000",
        "time": 1629980172602,
        "isBuyerMaker": false,
        "isBestMatch": true
    },
    {
        "id": 5290219,
        "price": "0.00004606",
        "qty": "218.00000000",
        "quoteQty": "0.01004108",
        "time": 1629980173194,
        "isBuyerMaker": false,
        "isBestMatch": true
    },
    {
        "id": 5290220,
        "price": "0.00004606",
        "qty": "1425.00000000",
        "quoteQty": "0.06563550",
        "time": 1629980173194,
        "isBuyerMaker": false,
        "isBestMatch": true
    },
    {
        "id": 5290221,
        "price": "0.00004606",
        "qty": "1566.00000000",
        "quoteQty": "0.07212996",
        "time": 1629980176386,
        "isBuyerMaker": false,
        "isBestMatch": true
    },
    {
        "id": 5290222,
        "price": "0.00004594",
        "qty": "1822.00000000",
        "quoteQty": "0.08370268",
        "time": 1629980178071,
        "isBuyerMaker": true,
        "isBestMatch": true
    },
    {
        "id": 5290223,
        "price": "0.00004606",
        "qty": "30.00000000",
        "quoteQty": "0.00138180",
        "time": 1629980180822,
        "isBuyerMaker": false,
        "isBestMatch": true
    },
    {
        "id": 5290224,
        "price": "0.00004606",
        "qty": "222.00000000",
        "quoteQty": "0.01022532",
        "time": 1629980180822,
        "isBuyerMaker": false,
        "isBestMatch": true
    },
    {
        "id": 5290225,
        "price": "0.00004607",
        "qty": "218.00000000",
        "quoteQty": "0.01004326",
        "time": 1629980182684,
        "isBuyerMaker": false,
        "isBestMatch": true
    },
    {
        "id": 5290226,
        "price": "0.00004608",
        "qty": "605.00000000",
        "quoteQty": "0.02787840",
        "time": 1629980182704,
        "isBuyerMaker": false,
        "isBestMatch": true
    },
    {
        "id": 5290227,
        "price": "0.00004608",
        "qty": "219.00000000",
        "quoteQty": "0.01009152",
        "time": 1629980182704,
        "isBuyerMaker": false,
        "isBestMatch": true
    },
    {
        "id": 5290228,
        "price": "0.00004609",
        "qty": "9797.00000000",
        "quoteQty": "0.45154373",
        "time": 1629980182884,
        "isBuyerMaker": false,
        "isBestMatch": true
    },
    {
        "id": 5290229,
        "price": "0.00004609",
        "qty": "227.00000000",
        "quoteQty": "0.01046243",
        "time": 1629980182884,
        "isBuyerMaker": false,
        "isBestMatch": true
    },
    {
        "id": 5290230,
        "price": "0.00004611",
        "qty": "219.00000000",
        "quoteQty": "0.01009809",
        "time": 1629980183789,
        "isBuyerMaker": false,
        "isBestMatch": true
    },
    {
        "id": 5290231,
        "price": "0.00004612",
        "qty": "120.00000000",
        "quoteQty": "0.00553440",
        "time": 1629980184547,
        "isBuyerMaker": false,
        "isBestMatch": true
    },
    {
        "id": 5290232,
        "price": "0.00004613",
        "qty": "222.00000000",
        "quoteQty": "0.01024086",
        "time": 1629980184923,
        "isBuyerMaker": false,
        "isBestMatch": true
    },
    {
        "id": 5290233,
        "price": "0.00004613",
        "qty": "449.00000000",
        "quoteQty": "0.02071237",
        "time": 1629980184923,
        "isBuyerMaker": false,
        "isBestMatch": true
    },
    {
        "id": 5290234,
        "price": "0.00004614",
        "qty": "3000.00000000",
        "quoteQty": "0.13842000",
        "time": 1629980185242,
        "isBuyerMaker": false,
        "isBestMatch": true
    },
    {
        "id": 5290235,
        "price": "0.00004616",
        "qty": "379.00000000",
        "quoteQty": "0.01749464",
        "time": 1629980185365,
        "isBuyerMaker": false,
        "isBestMatch": true
    },
    {
        "id": 5290236,
        "price": "0.00004616",
        "qty": "301.00000000",
        "quoteQty": "0.01389416",
        "time": 1629980185365,
        "isBuyerMaker": false,
        "isBestMatch": true
    },
    {
        "id": 5290237,
        "price": "0.00004619",
        "qty": "449.00000000",
        "quoteQty": "0.02073931",
        "time": 1629980189510,
        "isBuyerMaker": false,
        "isBestMatch": true
    },
    {
        "id": 5290238,
        "price": "0.00004623",
        "qty": "603.00000000",
        "quoteQty": "0.02787669",
        "time": 1629980190122,
        "isBuyerMaker": false,
        "isBestMatch": true
    },
    {
        "id": 5290239,
        "price": "0.00004623",
        "qty": "217.00000000",
        "quoteQty": "0.01003191",
        "time": 1629980190122,
        "isBuyerMaker": false,
        "isBestMatch": true
    },
    {
        "id": 5290240,
        "price": "0.00004623",
        "qty": "221.00000000",
        "quoteQty": "0.01021683",
        "time": 1629980190122,
        "isBuyerMaker": false,
        "isBestMatch": true
    },
    {
        "id": 5290241,
        "price": "0.00004625",
        "qty": "349.00000000",
        "quoteQty": "0.01614125",
        "time": 1629980190122,
        "isBuyerMaker": false,
        "isBestMatch": true
    },
    {
        "id": 5290242,
        "price": "0.00004627",
        "qty": "378.00000000",
        "quoteQty": "0.01749006",
        "time": 1629980190122,
        "isBuyerMaker": false,
        "isBestMatch": true
    },
    {
        "id": 5290243,
        "price": "0.00004627",
        "qty": "236.00000000",
        "quoteQty": "0.01091972",
        "time": 1629980190122,
        "isBuyerMaker": false,
        "isBestMatch": true
    },
    {
        "id": 5290244,
        "price": "0.00004628",
        "qty": "218.00000000",
        "quoteQty": "0.01008904",
        "time": 1629980190122,
        "isBuyerMaker": false,
        "isBestMatch": true
    },
    {
        "id": 5290245,
        "price": "0.00004628",
        "qty": "218.00000000",
        "quoteQty": "0.01008904",
        "time": 1629980190122,
        "isBuyerMaker": false,
        "isBestMatch": true
    },
    {
        "id": 5290246,
        "price": "0.00004628",
        "qty": "217.00000000",
        "quoteQty": "0.01004276",
        "time": 1629980190122,
        "isBuyerMaker": false,
        "isBestMatch": true
    },
    {
        "id": 5290247,
        "price": "0.00004629",
        "qty": "491.00000000",
        "quoteQty": "0.02272839",
        "time": 1629980190122,
        "isBuyerMaker": false,
        "isBestMatch": true
    },
    {
        "id": 5290248,
        "price": "0.00004629",
        "qty": "6516.00000000",
        "quoteQty": "0.30162564",
        "time": 1629980190122,
        "isBuyerMaker": false,
        "isBestMatch": true
    },
    {
        "id": 5290249,
        "price": "0.00004630",
        "qty": "300.00000000",
        "quoteQty": "0.01389000",
        "time": 1629980190122,
        "isBuyerMaker": false,
        "isBestMatch": true
    },
    {
        "id": 5290250,
        "price": "0.00004630",
        "qty": "36.00000000",
        "quoteQty": "0.00166680",
        "time": 1629980190122,
        "isBuyerMaker": false,
        "isBestMatch": true
    },
    {
        "id": 5290251,
        "price": "0.00004619",
        "qty": "11460.00000000",
        "quoteQty": "0.52933740",
        "time": 1629980191160,
        "isBuyerMaker": false,
        "isBestMatch": true
    },
    {
        "id": 5290252,
        "price": "0.00004619",
        "qty": "1322.00000000",
        "quoteQty": "0.06106318",
        "time": 1629980191160,
        "isBuyerMaker": false,
        "isBestMatch": true
    },
    {
        "id": 5290253,
        "price": "0.00004610",
        "qty": "405.00000000",
        "quoteQty": "0.01867050",
        "time": 1629980219287,
        "isBuyerMaker": true,
        "isBestMatch": true
    },
    {
        "id": 5290254,
        "price": "0.00004610",
        "qty": "1289.00000000",
        "quoteQty": "0.05942290",
        "time": 1629980232410,
        "isBuyerMaker": true,
        "isBestMatch": true
    },
    {
        "id": 5290255,
        "price": "0.00004620",
        "qty": "4931.00000000",
        "quoteQty": "0.22781220",
        "time": 1629980252130,
        "isBuyerMaker": false,
        "isBestMatch": true
    },
    {
        "id": 5290256,
        "price": "0.00004614",
        "qty": "4279.00000000",
        "quoteQty": "0.19743306",
        "time": 1629980252994,
        "isBuyerMaker": true,
        "isBestMatch": true
    },
    {
        "id": 5290257,
        "price": "0.00004616",
        "qty": "683.00000000",
        "quoteQty": "0.03152728",
        "time": 1629980267432,
        "isBuyerMaker": true,
        "isBestMatch": true
    },
    {
        "id": 5290258,
        "price": "0.00004617",
        "qty": "6956.00000000",
        "quoteQty": "0.32115852",
        "time": 1629980296997,
        "isBuyerMaker": true,
        "isBestMatch": true
    },
    {
        "id": 5290259,
        "price": "0.00004630",
        "qty": "2969.00000000",
        "quoteQty": "0.13746470",
        "time": 1629980303034,
        "isBuyerMaker": false,
        "isBestMatch": true
    },
    {
        "id": 5290260,
        "price": "0.00004630",
        "qty": "221.00000000",
        "quoteQty": "0.01023230",
        "time": 1629980303034,
        "isBuyerMaker": false,
        "isBestMatch": true
    },
    {
        "id": 5290261,
        "price": "0.00004634",
        "qty": "218.00000000",
        "quoteQty": "0.01010212",
        "time": 1629980305757,
        "isBuyerMaker": false,
        "isBestMatch": true
    },
    {
        "id": 5290262,
        "price": "0.00004635",
        "qty": "119.00000000",
        "quoteQty": "0.00551565",
        "time": 1629980306315,
        "isBuyerMaker": false,
        "isBestMatch": true
    },
    {
        "id": 5290263,
        "price": "0.00004636",
        "qty": "221.00000000",
        "quoteQty": "0.01024556",
        "time": 1629980306612,
        "isBuyerMaker": false,
        "isBestMatch": true
    },
    {
        "id": 5290264,
        "price": "0.00004636",
        "qty": "217.00000000",
        "quoteQty": "0.01006012",
        "time": 1629980306612,
        "isBuyerMaker": false,
        "isBestMatch": true
    },
    {
        "id": 5290265,
        "price": "0.00004637",
        "qty": "262.00000000",
        "quoteQty": "0.01214894",
        "time": 1629980306781,
        "isBuyerMaker": false,
        "isBestMatch": true
    },
    {
        "id": 5290266,
        "price": "0.00004638",
        "qty": "377.00000000",
        "quoteQty": "0.01748526",
        "time": 1629980309624,
        "isBuyerMaker": false,
        "isBestMatch": true
    },
    {
        "id": 5290267,
        "price": "0.00004638",
        "qty": "601.00000000",
        "quoteQty": "0.02787438",
        "time": 1629980309624,
        "isBuyerMaker": false,
        "isBestMatch": true
    },
    {
        "id": 5290268,
        "price": "0.00004639",
        "qty": "3064.00000000",
        "quoteQty": "0.14213896",
        "time": 1629980309819,
        "isBuyerMaker": false,
        "isBestMatch": true
    },
    {
        "id": 5290269,
        "price": "0.00004639",
        "qty": "3623.00000000",
        "quoteQty": "0.16807097",
        "time": 1629980309819,
        "isBuyerMaker": false,
        "isBestMatch": true
    },
    {
        "id": 5290270,
        "price": "0.00004639",
        "qty": "10169.00000000",
        "quoteQty": "0.47173991",
        "time": 1629980312822,
        "isBuyerMaker": false,
        "isBestMatch": true
    },
    {
        "id": 5290271,
        "price": "0.00004640",
        "qty": "216.00000000",
        "quoteQty": "0.01002240",
        "time": 1629980312904,
        "isBuyerMaker": false,
        "isBestMatch": true
    },
    {
        "id": 5290272,
        "price": "0.00004640",
        "qty": "449.00000000",
        "quoteQty": "0.02083360",
        "time": 1629980312904,
        "isBuyerMaker": false,
        "isBestMatch": true
    },
    {
        "id": 5290273,
        "price": "0.00004625",
        "qty": "496.00000000",
        "quoteQty": "0.02294000",
        "time": 1629980314005,
        "isBuyerMaker": true,
        "isBestMatch": true
    },
    {
        "id": 5290274,
        "price": "0.00004642",
        "qty": "572.00000000",
        "quoteQty": "0.02655224",
        "time": 1629980319759,
        "isBuyerMaker": false,
        "isBestMatch": true
    },
    {
        "id": 5290275,
        "price": "0.00004627",
        "qty": "18000.00000000",
        "quoteQty": "0.83286000",
        "time": 1629980327872,
        "isBuyerMaker": true,
        "isBestMatch": true
    },
    {
        "id": 5290276,
        "price": "0.00004636",
        "qty": "886.00000000",
        "quoteQty": "0.04107496",
        "time": 1629980350175,
        "isBuyerMaker": false,
        "isBestMatch": true
    },
    {
        "id": 5290277,
        "price": "0.00004623",
        "qty": "2577.00000000",
        "quoteQty": "0.11913471",
        "time": 1629980370303,
        "isBuyerMaker": true,
        "isBestMatch": true
    },
    {
        "id": 5290278,
        "price": "0.00004630",
        "qty": "578.00000000",
        "quoteQty": "0.02676140",
        "time": 1629980372269,
        "isBuyerMaker": false,
        "isBestMatch": true
    },
    {
        "id": 5290279,
        "price": "0.00004635",
        "qty": "18000.00000000",
        "quoteQty": "0.83430000",
        "time": 1629980429675,
        "isBuyerMaker": false,
        "isBestMatch": true
    },
    {
        "id": 5290280,
        "price": "0.00004628",
        "qty": "408.00000000",
        "quoteQty": "0.01888224",
        "time": 1629980430440,
        "isBuyerMaker": true,
        "isBestMatch": true
    },
    {
        "id": 5290281,
        "price": "0.00004638",
        "qty": "447.00000000",
        "quoteQty": "0.02073186",
        "time": 1629980439896,
        "isBuyerMaker": false,
        "isBestMatch": true
    },
    {
        "id": 5290282,
        "price": "0.00004630",
        "qty": "8296.00000000",
        "quoteQty": "0.38410480",
        "time": 1629980464824,
        "isBuyerMaker": false,
        "isBestMatch": true
    },
    {
        "id": 5290283,
        "price": "0.00004630",
        "qty": "5000.00000000",
        "quoteQty": "0.23150000",
        "time": 1629980464824,
        "isBuyerMaker": false,
        "isBestMatch": true
    },
    {
        "id": 5290284,
        "price": "0.00004630",
        "qty": "4704.00000000",
        "quoteQty": "0.21779520",
        "time": 1629980464824,
        "isBuyerMaker": false,
        "isBestMatch": true
    },
    {
        "id": 5290285,
        "price": "0.00004632",
        "qty": "7485.00000000",
        "quoteQty": "0.34670520",
        "time": 1629980472872,
        "isBuyerMaker": false,
        "isBestMatch": true
    },
    {
        "id": 5290286,
        "price": "0.00004627",
        "qty": "9523.00000000",
        "quoteQty": "0.44062921",
        "time": 1629980507854,
        "isBuyerMaker": false,
        "isBestMatch": true
    },
    {
        "id": 5290287,
        "price": "0.00004627",
        "qty": "544.00000000",
        "quoteQty": "0.02517088",
        "time": 1629980507854,
        "isBuyerMaker": false,
        "isBestMatch": true
    },
    {
        "id": 5290288,
        "price": "0.00004626",
        "qty": "1488.00000000",
        "quoteQty": "0.06883488",
        "time": 1629980513923,
        "isBuyerMaker": false,
        "isBestMatch": true
    },
    {
        "id": 5290289,
        "price": "0.00004626",
        "qty": "1012.00000000",
        "quoteQty": "0.04681512",
        "time": 1629980516032,
        "isBuyerMaker": false,
        "isBestMatch": true
    },
    {
        "id": 5290290,
        "price": "0.00004630",
        "qty": "1500.00000000",
        "quoteQty": "0.06945000",
        "time": 1629980527545,
        "isBuyerMaker": false,
        "isBestMatch": true
    },
    {
        "id": 5290291,
        "price": "0.00004643",
        "qty": "2233.00000000",
        "quoteQty": "0.10367819",
        "time": 1629980545151,
        "isBuyerMaker": false,
        "isBestMatch": true
    },
    {
        "id": 5290292,
        "price": "0.00004643",
        "qty": "2201.00000000",
        "quoteQty": "0.10219243",
        "time": 1629980545151,
        "isBuyerMaker": false,
        "isBestMatch": true
    },
    {
        "id": 5290293,
        "price": "0.00004643",
        "qty": "7523.00000000",
        "quoteQty": "0.34929289",
        "time": 1629980545152,
        "isBuyerMaker": false,
        "isBestMatch": true
    },
    {
        "id": 5290294,
        "price": "0.00004643",
        "qty": "222.00000000",
        "quoteQty": "0.01030746",
        "time": 1629980545152,
        "isBuyerMaker": false,
        "isBestMatch": true
    },
    {
        "id": 5290295,
        "price": "0.00004645",
        "qty": "299.00000000",
        "quoteQty": "0.01388855",
        "time": 1629980546425,
        "isBuyerMaker": false,
        "isBestMatch": true
    },
    {
        "id": 5290296,
        "price": "0.00004646",
        "qty": "365.00000000",
        "quoteQty": "0.01695790",
        "time": 1629980546443,
        "isBuyerMaker": false,
        "isBestMatch": true
    },
    {
        "id": 5290297,
        "price": "0.00004645",
        "qty": "32.00000000",
        "quoteQty": "0.00148640",
        "time": 1629980551148,
        "isBuyerMaker": false,
        "isBestMatch": true
    },
    {
        "id": 5290298,
        "price": "0.00004645",
        "qty": "486.00000000",
        "quoteQty": "0.02257470",
        "time": 1629980552516,
        "isBuyerMaker": false,
        "isBestMatch": true
    },
    {
        "id": 5290299,
        "price": "0.00004645",
        "qty": "1000.00000000",
        "quoteQty": "0.04645000",
        "time": 1629980579043,
        "isBuyerMaker": false,
        "isBestMatch": true
    },
    {
        "id": 5290300,
        "price": "0.00004633",
        "qty": "1263.00000000",
        "quoteQty": "0.05851479",
        "time": 1629980590406,
        "isBuyerMaker": true,
        "isBestMatch": true
    },
    {
        "id": 5290301,
        "price": "0.00004633",
        "qty": "16700.00000000",
        "quoteQty": "0.77371100",
        "time": 1629980605280,
        "isBuyerMaker": true,
        "isBestMatch": true
    },
    {
        "id": 5290302,
        "price": "0.00004635",
        "qty": "699.00000000",
        "quoteQty": "0.03239865",
        "time": 1629980621632,
        "isBuyerMaker": true,
        "isBestMatch": true
    },
    {
        "id": 5290303,
        "price": "0.00004626",
        "qty": "381.00000000",
        "quoteQty": "0.01762506",
        "time": 1629980632463,
        "isBuyerMaker": true,
        "isBestMatch": true
    },
    {
        "id": 5290304,
        "price": "0.00004626",
        "qty": "110.00000000",
        "quoteQty": "0.00508860",
        "time": 1629980632463,
        "isBuyerMaker": true,
        "isBestMatch": true
    },
    {
        "id": 5290305,
        "price": "0.00004631",
        "qty": "18000.00000000",
        "quoteQty": "0.83358000",
        "time": 1629980699734,
        "isBuyerMaker": true,
        "isBestMatch": true
    },
    {
        "id": 5290306,
        "price": "0.00004626",
        "qty": "1900.00000000",
        "quoteQty": "0.08789400",
        "time": 1629980705746,
        "isBuyerMaker": true,
        "isBestMatch": true
    },
    {
        "id": 5290307,
        "price": "0.00004622",
        "qty": "18000.00000000",
        "quoteQty": "0.83196000",
        "time": 1629980715637,
        "isBuyerMaker": true,
        "isBestMatch": true
    },
    {
        "id": 5290308,
        "price": "0.00004621",
        "qty": "219.00000000",
        "quoteQty": "0.01011999",
        "time": 1629980715953,
        "isBuyerMaker": true,
        "isBestMatch": true
    },
    {
        "id": 5290309,
        "price": "0.00004621",
        "qty": "299.00000000",
        "quoteQty": "0.01381679",
        "time": 1629980715953,
        "isBuyerMaker": true,
        "isBestMatch": true
    },
    {
        "id": 5290310,
        "price": "0.00004623",
        "qty": "150.00000000",
        "quoteQty": "0.00693450",
        "time": 1629980720338,
        "isBuyerMaker": true,
        "isBestMatch": true
    },
    {
        "id": 5290311,
        "price": "0.00004635",
        "qty": "2500.00000000",
        "quoteQty": "0.11587500",
        "time": 1629980729686,
        "isBuyerMaker": false,
        "isBestMatch": true
    },
    {
        "id": 5290312,
        "price": "0.00004635",
        "qty": "11879.00000000",
        "quoteQty": "0.55059165",
        "time": 1629980729686,
        "isBuyerMaker": false,
        "isBestMatch": true
    },
    {
        "id": 5290313,
        "price": "0.00004622",
        "qty": "17963.00000000",
        "quoteQty": "0.83024986",
        "time": 1629980750193,
        "isBuyerMaker": true,
        "isBestMatch": true
    },
    {
        "id": 5290314,
        "price": "0.00004622",
        "qty": "1796.00000000",
        "quoteQty": "0.08301112",
        "time": 1629980752553,
        "isBuyerMaker": true,
        "isBestMatch": true
    },
    {
        "id": 5290315,
        "price": "0.00004622",
        "qty": "590.00000000",
        "quoteQty": "0.02726980",
        "time": 1629980752553,
        "isBuyerMaker": true,
        "isBestMatch": true
    },
    {
        "id": 5290316,
        "price": "0.00004622",
        "qty": "1000.00000000",
        "quoteQty": "0.04622000",
        "time": 1629980752555,
        "isBuyerMaker": true,
        "isBestMatch": true
    },
    {
        "id": 5290317,
        "price": "0.00004622",
        "qty": "1078.00000000",
        "quoteQty": "0.04982516",
        "time": 1629980760162,
        "isBuyerMaker": false,
        "isBestMatch": true
    },
    {
        "id": 5290318,
        "price": "0.00004618",
        "qty": "375.00000000",
        "quoteQty": "0.01731750",
        "time": 1629980762909,
        "isBuyerMaker": true,
        "isBestMatch": true
    },
    {
        "id": 5290319,
        "price": "0.00004623",
        "qty": "126.00000000",
        "quoteQty": "0.00582498",
        "time": 1629980796346,
        "isBuyerMaker": false,
        "isBestMatch": true
    },
    {
        "id": 5290320,
        "price": "0.00004622",
        "qty": "4144.00000000",
        "quoteQty": "0.19153568",
        "time": 1629980802305,
        "isBuyerMaker": true,
        "isBestMatch": true
    },
    {
        "id": 5290321,
        "price": "0.00004619",
        "qty": "18000.00000000",
        "quoteQty": "0.83142000",
        "time": 1629980813408,
        "isBuyerMaker": true,
        "isBestMatch": true
    },
    {
        "id": 5290322,
        "price": "0.00004619",
        "qty": "9000.00000000",
        "quoteQty": "0.41571000",
        "time": 1629980813408,
        "isBuyerMaker": true,
        "isBestMatch": true
    },
    {
        "id": 5290323,
        "price": "0.00004618",
        "qty": "2.00000000",
        "quoteQty": "0.00009236",
        "time": 1629980819572,
        "isBuyerMaker": true,
        "isBestMatch": true
    },
    {
        "id": 5290324,
        "price": "0.00004618",
        "qty": "1218.00000000",
        "quoteQty": "0.05624724",
        "time": 1629980846742,
        "isBuyerMaker": false,
        "isBestMatch": true
    },
    {
        "id": 5290325,
        "price": "0.00004620",
        "qty": "2189.00000000",
        "quoteQty": "0.10113180",
        "time": 1629980847970,
        "isBuyerMaker": false,
        "isBestMatch": true
    },
    {
        "id": 5290326,
        "price": "0.00004617",
        "qty": "18000.00000000",
        "quoteQty": "0.83106000",
        "time": 1629980856617,
        "isBuyerMaker": true,
        "isBestMatch": true
    },
    {
        "id": 5290327,
        "price": "0.00004627",
        "qty": "18000.00000000",
        "quoteQty": "0.83286000",
        "time": 1629980865844,
        "isBuyerMaker": false,
        "isBestMatch": true
    },
    {
        "id": 5290328,
        "price": "0.00004635",
        "qty": "375.00000000",
        "quoteQty": "0.01738125",
        "time": 1629980884821,
        "isBuyerMaker": false,
        "isBestMatch": true
    },
    {
        "id": 5290329,
        "price": "0.00004625",
        "qty": "3391.00000000",
        "quoteQty": "0.15683375",
        "time": 1629980890715,
        "isBuyerMaker": true,
        "isBestMatch": true
    },
    {
        "id": 5290330,
        "price": "0.00004625",
        "qty": "3468.00000000",
        "quoteQty": "0.16039500",
        "time": 1629980899466,
        "isBuyerMaker": true,
        "isBestMatch": true
    },
    {
        "id": 5290331,
        "price": "0.00004632",
        "qty": "2083.00000000",
        "quoteQty": "0.09648456",
        "time": 1629980901604,
        "isBuyerMaker": false,
        "isBestMatch": true
    },
    {
        "id": 5290332,
        "price": "0.00004627",
        "qty": "141.00000000",
        "quoteQty": "0.00652407",
        "time": 1629980933928,
        "isBuyerMaker": true,
        "isBestMatch": true
    },
    {
        "id": 5290333,
        "price": "0.00004630",
        "qty": "4144.00000000",
        "quoteQty": "0.19186720",
        "time": 1629980956989,
        "isBuyerMaker": false,
        "isBestMatch": true
    },
    {
        "id": 5290334,
        "price": "0.00004630",
        "qty": "13856.00000000",
        "quoteQty": "0.64153280",
        "time": 1629980956989,
        "isBuyerMaker": false,
        "isBestMatch": true
    },
    {
        "id": 5290335,
        "price": "0.00004638",
        "qty": "377.00000000",
        "quoteQty": "0.01748526",
        "time": 1629980963805,
        "isBuyerMaker": false,
        "isBestMatch": true
    },
    {
        "id": 5290336,
        "price": "0.00004635",
        "qty": "1824.00000000",
        "quoteQty": "0.08454240",
        "time": 1629980979287,
        "isBuyerMaker": false,
        "isBestMatch": true
    },
    {
        "id": 5290337,
        "price": "0.00004635",
        "qty": "1783.00000000",
        "quoteQty": "0.08264205",
        "time": 1629980981272,
        "isBuyerMaker": false,
        "isBestMatch": true
    },
    {
        "id": 5290338,
        "price": "0.00004633",
        "qty": "1000.00000000",
        "quoteQty": "0.04633000",
        "time": 1629980986627,
        "isBuyerMaker": false,
        "isBestMatch": true
    },
    {
        "id": 5290339,
        "price": "0.00004633",
        "qty": "847.00000000",
        "quoteQty": "0.03924151",
        "time": 1629980986629,
        "isBuyerMaker": false,
        "isBestMatch": true
    },
    {
        "id": 5290340,
        "price": "0.00004633",
        "qty": "978.00000000",
        "quoteQty": "0.04531074",
        "time": 1629980986647,
        "isBuyerMaker": false,
        "isBestMatch": true
    },
    {
        "id": 5290341,
        "price": "0.00004634",
        "qty": "828.00000000",
        "quoteQty": "0.03836952",
        "time": 1629980986663,
        "isBuyerMaker": false,
        "isBestMatch": true
    },
    {
        "id": 5290342,
        "price": "0.00004635",
        "qty": "956.00000000",
        "quoteQty": "0.04431060",
        "time": 1629980986673,
        "isBuyerMaker": false,
        "isBestMatch": true
    },
    {
        "id": 5290343,
        "price": "0.00004635",
        "qty": "810.00000000",
        "quoteQty": "0.03754350",
        "time": 1629980986688,
        "isBuyerMaker": false,
        "isBestMatch": true
    },
    {
        "id": 5290344,
        "price": "0.00004636",
        "qty": "935.00000000",
        "quoteQty": "0.04334660",
        "time": 1629980986736,
        "isBuyerMaker": false,
        "isBestMatch": true
    },
    {
        "id": 5290345,
        "price": "0.00004638",
        "qty": "2965.00000000",
        "quoteQty": "0.13751670",
        "time": 1629980990342,
        "isBuyerMaker": false,
        "isBestMatch": true
    },
    {
        "id": 5290346,
        "price": "0.00004638",
        "qty": "200.00000000",
        "quoteQty": "0.00927600",
        "time": 1629980990342,
        "isBuyerMaker": false,
        "isBestMatch": true
    },
    {
        "id": 5290347,
        "price": "0.00004636",
        "qty": "1984.00000000",
        "quoteQty": "0.09197824",
        "time": 1629980990639,
        "isBuyerMaker": false,
        "isBestMatch": true
    },
    {
        "id": 5290348,
        "price": "0.00004637",
        "qty": "1940.00000000",
        "quoteQty": "0.08995780",
        "time": 1629980990658,
        "isBuyerMaker": false,
        "isBestMatch": true
    },
    {
        "id": 5290349,
        "price": "0.00004638",
        "qty": "1987.00000000",
        "quoteQty": "0.09215706",
        "time": 1629980990675,
        "isBuyerMaker": false,
        "isBestMatch": true
    },
    {
        "id": 5290350,
        "price": "0.00004639",
        "qty": "1943.00000000",
        "quoteQty": "0.09013577",
        "time": 1629980991122,
        "isBuyerMaker": false,
        "isBestMatch": true
    },
    {
        "id": 5290351,
        "price": "0.00004638",
        "qty": "2063.00000000",
        "quoteQty": "0.09568194",
        "time": 1629980991146,
        "isBuyerMaker": false,
        "isBestMatch": true
    },
    {
        "id": 5290352,
        "price": "0.00004639",
        "qty": "2017.00000000",
        "quoteQty": "0.09356863",
        "time": 1629980991161,
        "isBuyerMaker": false,
        "isBestMatch": true
    },
    {
        "id": 5290353,
        "price": "0.00004638",
        "qty": "1973.00000000",
        "quoteQty": "0.09150774",
        "time": 1629980995922,
        "isBuyerMaker": false,
        "isBestMatch": true
    },
    {
        "id": 5290354,
        "price": "0.00004638",
        "qty": "1929.00000000",
        "quoteQty": "0.08946702",
        "time": 1629980996486,
        "isBuyerMaker": false,
        "isBestMatch": true
    },
    {
        "id": 5290355,
        "price": "0.00004638",
        "qty": "4241.00000000",
        "quoteQty": "0.19669758",
        "time": 1629981004397,
        "isBuyerMaker": false,
        "isBestMatch": true
    },
    {
        "id": 5290356,
        "price": "0.00004638",
        "qty": "13759.00000000",
        "quoteQty": "0.63814242",
        "time": 1629981004711,
        "isBuyerMaker": false,
        "isBestMatch": true
    },
    {
        "id": 5290357,
        "price": "0.00004641",
        "qty": "4035.00000000",
        "quoteQty": "0.18726435",
        "time": 1629981017900,
        "isBuyerMaker": false,
        "isBestMatch": true
    },
    {
        "id": 5290358,
        "price": "0.00004641",
        "qty": "13008.00000000",
        "quoteQty": "0.60370128",
        "time": 1629981025626,
        "isBuyerMaker": false,
        "isBestMatch": true
    },
    {
        "id": 5290359,
        "price": "0.00004641",
        "qty": "1000.00000000",
        "quoteQty": "0.04641000",
        "time": 1629981040286,
        "isBuyerMaker": false,
        "isBestMatch": true
    },
    {
        "id": 5290360,
        "price": "0.00004644",
        "qty": "685.00000000",
        "quoteQty": "0.03181140",
        "time": 1629981042899,
        "isBuyerMaker": false,
        "isBestMatch": true
    },
    {
        "id": 5290361,
        "price": "0.00004644",
        "qty": "264.00000000",
        "quoteQty": "0.01226016",
        "time": 1629981043787,
        "isBuyerMaker": false,
        "isBestMatch": true
    },
    {
        "id": 5290362,
        "price": "0.00004644",
        "qty": "7396.00000000",
        "quoteQty": "0.34347024",
        "time": 1629981077927,
        "isBuyerMaker": false,
        "isBestMatch": true
    },
    {
        "id": 5290363,
        "price": "0.00004643",
        "qty": "13224.00000000",
        "quoteQty": "0.61399032",
        "time": 1629981077984,
        "isBuyerMaker": true,
        "isBestMatch": true
    },
    {
        "id": 5290364,
        "price": "0.00004644",
        "qty": "137.00000000",
        "quoteQty": "0.00636228",
        "time": 1629981081563,
        "isBuyerMaker": false,
        "isBestMatch": true
    },
    {
        "id": 5290365,
        "price": "0.00004644",
        "qty": "137.00000000",
        "quoteQty": "0.00636228",
        "time": 1629981081593,
        "isBuyerMaker": false,
        "isBestMatch": true
    },
    {
        "id": 5290366,
        "price": "0.00004642",
        "qty": "4271.00000000",
        "quoteQty": "0.19825982",
        "time": 1629981094795,
        "isBuyerMaker": false,
        "isBestMatch": true
    },
    {
        "id": 5290367,
        "price": "0.00004635",
        "qty": "345.00000000",
        "quoteQty": "0.01599075",
        "time": 1629981139352,
        "isBuyerMaker": true,
        "isBestMatch": true
    },
    {
        "id": 5290368,
        "price": "0.00004640",
        "qty": "8499.00000000",
        "quoteQty": "0.39435360",
        "time": 1629981161359,
        "isBuyerMaker": false,
        "isBestMatch": true
    },
    {
        "id": 5290369,
        "price": "0.00004640",
        "qty": "3193.00000000",
        "quoteQty": "0.14815520",
        "time": 1629981161387,
        "isBuyerMaker": false,
        "isBestMatch": true
    },
    {
        "id": 5290370,
        "price": "0.00004634",
        "qty": "18000.00000000",
        "quoteQty": "0.83412000",
        "time": 1629981177031,
        "isBuyerMaker": true,
        "isBestMatch": true
    },
    {
        "id": 5290371,
        "price": "0.00004634",
        "qty": "9000.00000000",
        "quoteQty": "0.41706000",
        "time": 1629981177031,
        "isBuyerMaker": true,
        "isBestMatch": true
    },
    {
        "id": 5290372,
        "price": "0.00004642",
        "qty": "12337.00000000",
        "quoteQty": "0.57268354",
        "time": 1629981204923,
        "isBuyerMaker": false,
        "isBestMatch": true
    },
    {
        "id": 5290373,
        "price": "0.00004642",
        "qty": "5663.00000000",
        "quoteQty": "0.26287646",
        "time": 1629981204924,
        "isBuyerMaker": false,
        "isBestMatch": true
    },
    {
        "id": 5290374,
        "price": "0.00004642",
        "qty": "8498.00000000",
        "quoteQty": "0.39447716",
        "time": 1629981205311,
        "isBuyerMaker": true,
        "isBestMatch": true
    },
    {
        "id": 5290375,
        "price": "0.00004645",
        "qty": "299.00000000",
        "quoteQty": "0.01388855",
        "time": 1629981205640,
        "isBuyerMaker": false,
        "isBestMatch": true
    },
    {
        "id": 5290376,
        "price": "0.00004645",
        "qty": "8193.00000000",
        "quoteQty": "0.38056485",
        "time": 1629981205640,
        "isBuyerMaker": false,
        "isBestMatch": true
    },
    {
        "id": 5290377,
        "price": "0.00004645",
        "qty": "9807.00000000",
        "quoteQty": "0.45553515",
        "time": 1629981209022,
        "isBuyerMaker": false,
        "isBestMatch": true
    },
    {
        "id": 5290378,
        "price": "0.00004645",
        "qty": "618.00000000",
        "quoteQty": "0.02870610",
        "time": 1629981212258,
        "isBuyerMaker": false,
        "isBestMatch": true
    },
    {
        "id": 5290379,
        "price": "0.00004645",
        "qty": "137.00000000",
        "quoteQty": "0.00636365",
        "time": 1629981213370,
        "isBuyerMaker": false,
        "isBestMatch": true
    },
    {
        "id": 5290380,
        "price": "0.00004645",
        "qty": "137.00000000",
        "quoteQty": "0.00636365",
        "time": 1629981213433,
        "isBuyerMaker": false,
        "isBestMatch": true
    },
    {
        "id": 5290381,
        "price": "0.00004645",
        "qty": "137.00000000",
        "quoteQty": "0.00636365",
        "time": 1629981213479,
        "isBuyerMaker": false,
        "isBestMatch": true
    },
    {
        "id": 5290382,
        "price": "0.00004645",
        "qty": "5000.00000000",
        "quoteQty": "0.23225000",
        "time": 1629981215583,
        "isBuyerMaker": false,
        "isBestMatch": true
    },
    {
        "id": 5290383,
        "price": "0.00004645",
        "qty": "3663.00000000",
        "quoteQty": "0.17014635",
        "time": 1629981215583,
        "isBuyerMaker": false,
        "isBestMatch": true
    },
    {
        "id": 5290384,
        "price": "0.00004645",
        "qty": "456.00000000",
        "quoteQty": "0.02118120",
        "time": 1629981215583,
        "isBuyerMaker": false,
        "isBestMatch": true
    },
    {
        "id": 5290385,
        "price": "0.00004645",
        "qty": "1544.00000000",
        "quoteQty": "0.07171880",
        "time": 1629981215583,
        "isBuyerMaker": false,
        "isBestMatch": true
    },
    {
        "id": 5290386,
        "price": "0.00004645",
        "qty": "621.00000000",
        "quoteQty": "0.02884545",
        "time": 1629981215594,
        "isBuyerMaker": false,
        "isBestMatch": true
    },
    {
        "id": 5290387,
        "price": "0.00004645",
        "qty": "15835.00000000",
        "quoteQty": "0.73553575",
        "time": 1629981215596,
        "isBuyerMaker": false,
        "isBestMatch": true
    },
    {
        "id": 5290388,
        "price": "0.00004646",
        "qty": "81.00000000",
        "quoteQty": "0.00376326",
        "time": 1629981215605,
        "isBuyerMaker": false,
        "isBestMatch": true
    },
    {
        "id": 5290389,
        "price": "0.00004648",
        "qty": "235.00000000",
        "quoteQty": "0.01092280",
        "time": 1629981215964,
        "isBuyerMaker": false,
        "isBestMatch": true
    },
    {
        "id": 5290390,
        "price": "0.00004649",
        "qty": "376.00000000",
        "quoteQty": "0.01748024",
        "time": 1629981220014,
        "isBuyerMaker": false,
        "isBestMatch": true
    },
    {
        "id": 5290391,
        "price": "0.00004649",
        "qty": "217.00000000",
        "quoteQty": "0.01008833",
        "time": 1629981220014,
        "isBuyerMaker": false,
        "isBestMatch": true
    },
    {
        "id": 5290392,
        "price": "0.00004650",
        "qty": "217.00000000",
        "quoteQty": "0.01009050",
        "time": 1629981220058,
        "isBuyerMaker": false,
        "isBestMatch": true
    },
    {
        "id": 5290393,
        "price": "0.00004650",
        "qty": "735.00000000",
        "quoteQty": "0.03417750",
        "time": 1629981220058,
        "isBuyerMaker": false,
        "isBestMatch": true
    },
    {
        "id": 5290394,
        "price": "0.00004645",
        "qty": "136.00000000",
        "quoteQty": "0.00631720",
        "time": 1629981245809,
        "isBuyerMaker": true,
        "isBestMatch": true
    },
    {
        "id": 5290395,
        "price": "0.00004648",
        "qty": "136.00000000",
        "quoteQty": "0.00632128",
        "time": 1629981284131,
        "isBuyerMaker": false,
        "isBestMatch": true
    },
    {
        "id": 5290396,
        "price": "0.00004648",
        "qty": "1385.00000000",
        "quoteQty": "0.06437480",
        "time": 1629981284134,
        "isBuyerMaker": false,
        "isBestMatch": true
    },
    {
        "id": 5290397,
        "price": "0.00004645",
        "qty": "367.00000000",
        "quoteQty": "0.01704715",
        "time": 1629981288577,
        "isBuyerMaker": true,
        "isBestMatch": true
    },
    {
        "id": 5290398,
        "price": "0.00004642",
        "qty": "138.00000000",
        "quoteQty": "0.00640596",
        "time": 1629981327457,
        "isBuyerMaker": true,
        "isBestMatch": true
    },
    {
        "id": 5290399,
        "price": "0.00004639",
        "qty": "6300.00000000",
        "quoteQty": "0.29225700",
        "time": 1629981350117,
        "isBuyerMaker": true,
        "isBestMatch": true
    },
    {
        "id": 5290400,
        "price": "0.00004635",
        "qty": "18000.00000000",
        "quoteQty": "0.83430000",
        "time": 1629981355626,
        "isBuyerMaker": true,
        "isBestMatch": true
    },
    {
        "id": 5290401,
        "price": "0.00004634",
        "qty": "21584.00000000",
        "quoteQty": "1.00020256",
        "time": 1629981361810,
        "isBuyerMaker": true,
        "isBestMatch": true
    },
    {
        "id": 5290402,
        "price": "0.00004634",
        "qty": "18000.00000000",
        "quoteQty": "0.83412000",
        "time": 1629981361810,
        "isBuyerMaker": true,
        "isBestMatch": true
    },
    {
        "id": 5290403,
        "price": "0.00004632",
        "qty": "18000.00000000",
        "quoteQty": "0.83376000",
        "time": 1629981363381,
        "isBuyerMaker": true,
        "isBestMatch": true
    },
    {
        "id": 5290404,
        "price": "0.00004631",
        "qty": "17622.00000000",
        "quoteQty": "0.81607482",
        "time": 1629981366198,
        "isBuyerMaker": true,
        "isBestMatch": true
    },
    {
        "id": 5290405,
        "price": "0.00004631",
        "qty": "378.00000000",
        "quoteQty": "0.01750518",
        "time": 1629981366202,
        "isBuyerMaker": true,
        "isBestMatch": true
    },
    {
        "id": 5290406,
        "price": "0.00004631",
        "qty": "18000.00000000",
        "quoteQty": "0.83358000",
        "time": 1629981367280,
        "isBuyerMaker": true,
        "isBestMatch": true
    },
    {
        "id": 5290407,
        "price": "0.00004630",
        "qty": "5765.00000000",
        "quoteQty": "0.26691950",
        "time": 1629981368342,
        "isBuyerMaker": true,
        "isBestMatch": true
    },
    {
        "id": 5290408,
        "price": "0.00004630",
        "qty": "39797.00000000",
        "quoteQty": "1.84260110",
        "time": 1629981368426,
        "isBuyerMaker": true,
        "isBestMatch": true
    },
    {
        "id": 5290409,
        "price": "0.00004630",
        "qty": "40831.00000000",
        "quoteQty": "1.89047530",
        "time": 1629981369181,
        "isBuyerMaker": true,
        "isBestMatch": true
    },
    {
        "id": 5290410,
        "price": "0.00004629",
        "qty": "376.00000000",
        "quoteQty": "0.01740504",
        "time": 1629981369193,
        "isBuyerMaker": true,
        "isBestMatch": true
    },
    {
        "id": 5290411,
        "price": "0.00004629",
        "qty": "2038.00000000",
        "quoteQty": "0.09433902",
        "time": 1629981379050,
        "isBuyerMaker": false,
        "isBestMatch": true
    },
    {
        "id": 5290412,
        "price": "0.00004631",
        "qty": "1956.00000000",
        "quoteQty": "0.09058236",
        "time": 1629981379293,
        "isBuyerMaker": false,
        "isBestMatch": true
    },
    {
        "id": 5290413,
        "price": "0.00004624",
        "qty": "1956.00000000",
        "quoteQty": "0.09044544",
        "time": 1629981382888,
        "isBuyerMaker": true,
        "isBestMatch": true
    },
    {
        "id": 5290414,
        "price": "0.00004621",
        "qty": "299.00000000",
        "quoteQty": "0.01381679",
        "time": 1629981403186,
        "isBuyerMaker": true,
        "isBestMatch": true
    },
    {
        "id": 5290415,
        "price": "0.00004621",
        "qty": "1545.00000000",
        "quoteQty": "0.07139445",
        "time": 1629981403186,
        "isBuyerMaker": true,
        "isBestMatch": true
    },
    {
        "id": 5290416,
        "price": "0.00004620",
        "qty": "200.00000000",
        "quoteQty": "0.00924000",
        "time": 1629981403275,
        "isBuyerMaker": true,
        "isBestMatch": true
    },
    {
        "id": 5290417,
        "price": "0.00004620",
        "qty": "217.00000000",
        "quoteQty": "0.01002540",
        "time": 1629981403275,
        "isBuyerMaker": true,
        "isBestMatch": true
    },
    {
        "id": 5290418,
        "price": "0.00004618",
        "qty": "377.00000000",
        "quoteQty": "0.01740986",
        "time": 1629981403314,
        "isBuyerMaker": true,
        "isBestMatch": true
    },
    {
        "id": 5290419,
        "price": "0.00004618",
        "qty": "235.00000000",
        "quoteQty": "0.01085230",
        "time": 1629981403314,
        "isBuyerMaker": true,
        "isBestMatch": true
    },
    {
        "id": 5290420,
        "price": "0.00004618",
        "qty": "217.00000000",
        "quoteQty": "0.01002106",
        "time": 1629981403314,
        "isBuyerMaker": true,
        "isBestMatch": true
    },
    {
        "id": 5290421,
        "price": "0.00004615",
        "qty": "18000.00000000",
        "quoteQty": "0.83070000",
        "time": 1629981403730,
        "isBuyerMaker": true,
        "isBestMatch": true
    },
    {
        "id": 5290422,
        "price": "0.00004615",
        "qty": "18000.00000000",
        "quoteQty": "0.83070000",
        "time": 1629981407564,
        "isBuyerMaker": true,
        "isBestMatch": true
    },
    {
        "id": 5290423,
        "price": "0.00004614",
        "qty": "601.00000000",
        "quoteQty": "0.02773014",
        "time": 1629981407580,
        "isBuyerMaker": true,
        "isBestMatch": true
    },
    {
        "id": 5290424,
        "price": "0.00004614",
        "qty": "216.00000000",
        "quoteQty": "0.00996624",
        "time": 1629981407580,
        "isBuyerMaker": true,
        "isBestMatch": true
    },
    {
        "id": 5290425,
        "price": "0.00004612",
        "qty": "412.00000000",
        "quoteQty": "0.01900144",
        "time": 1629981408585,
        "isBuyerMaker": true,
        "isBestMatch": true
    },
    {
        "id": 5290426,
        "price": "0.00004612",
        "qty": "18000.00000000",
        "quoteQty": "0.83016000",
        "time": 1629981408585,
        "isBuyerMaker": true,
        "isBestMatch": true
    },
    {
        "id": 5290427,
        "price": "0.00004611",
        "qty": "449.00000000",
        "quoteQty": "0.02070339",
        "time": 1629981408603,
        "isBuyerMaker": true,
        "isBestMatch": true
    },
    {
        "id": 5290428,
        "price": "0.00004608",
        "qty": "18000.00000000",
        "quoteQty": "0.82944000",
        "time": 1629981409733,
        "isBuyerMaker": true,
        "isBestMatch": true
    },
    {
        "id": 5290429,
        "price": "0.00004611",
        "qty": "1924.00000000",
        "quoteQty": "0.08871564",
        "time": 1629981422296,
        "isBuyerMaker": false,
        "isBestMatch": true
    },
    {
        "id": 5290430,
        "price": "0.00004613",
        "qty": "1881.00000000",
        "quoteQty": "0.08677053",
        "time": 1629981422739,
        "isBuyerMaker": false,
        "isBestMatch": true
    },
    {
        "id": 5290431,
        "price": "0.00004622",
        "qty": "1733.00000000",
        "quoteQty": "0.08009926",
        "time": 1629981429871,
        "isBuyerMaker": false,
        "isBestMatch": true
    },
    {
        "id": 5290432,
        "price": "0.00004630",
        "qty": "129.00000000",
        "quoteQty": "0.00597270",
        "time": 1629981443769,
        "isBuyerMaker": false,
        "isBestMatch": true
    },
    {
        "id": 5290433,
        "price": "0.00004630",
        "qty": "5000.00000000",
        "quoteQty": "0.23150000",
        "time": 1629981443769,
        "isBuyerMaker": false,
        "isBestMatch": true
    },
    {
        "id": 5290434,
        "price": "0.00004623",
        "qty": "1728.00000000",
        "quoteQty": "0.07988544",
        "time": 1629981460102,
        "isBuyerMaker": true,
        "isBestMatch": true
    },
    {
        "id": 5290435,
        "price": "0.00004623",
        "qty": "9000.00000000",
        "quoteQty": "0.41607000",
        "time": 1629981460102,
        "isBuyerMaker": true,
        "isBestMatch": true
    },
    {
        "id": 5290436,
        "price": "0.00004623",
        "qty": "46900.00000000",
        "quoteQty": "2.16818700",
        "time": 1629981460102,
        "isBuyerMaker": true,
        "isBestMatch": true
    },
    {
        "id": 5290437,
        "price": "0.00004626",
        "qty": "18000.00000000",
        "quoteQty": "0.83268000",
        "time": 1629981481702,
        "isBuyerMaker": false,
        "isBestMatch": true
    },
    {
        "id": 5290438,
        "price": "0.00004622",
        "qty": "5129.00000000",
        "quoteQty": "0.23706238",
        "time": 1629981487850,
        "isBuyerMaker": true,
        "isBestMatch": true
    },
    {
        "id": 5290439,
        "price": "0.00004622",
        "qty": "3871.00000000",
        "quoteQty": "0.17891762",
        "time": 1629981487852,
        "isBuyerMaker": true,
        "isBestMatch": true
    },
    {
        "id": 5290440,
        "price": "0.00004620",
        "qty": "700.00000000",
        "quoteQty": "0.03234000",
        "time": 1629981491061,
        "isBuyerMaker": true,
        "isBestMatch": true
    },
    {
        "id": 5290441,
        "price": "0.00004628",
        "qty": "18000.00000000",
        "quoteQty": "0.83304000",
        "time": 1629981541237,
        "isBuyerMaker": false,
        "isBestMatch": true
    },
    {
        "id": 5290442,
        "price": "0.00004619",
        "qty": "1945.00000000",
        "quoteQty": "0.08983955",
        "time": 1629981611486,
        "isBuyerMaker": true,
        "isBestMatch": true
    },
    {
        "id": 5290443,
        "price": "0.00004610",
        "qty": "10683.00000000",
        "quoteQty": "0.49248630",
        "time": 1629981648545,
        "isBuyerMaker": true,
        "isBestMatch": true
    },
    {
        "id": 5290444,
        "price": "0.00004610",
        "qty": "7317.00000000",
        "quoteQty": "0.33731370",
        "time": 1629981648547,
        "isBuyerMaker": true,
        "isBestMatch": true
    },
    {
        "id": 5290445,
        "price": "0.00004609",
        "qty": "1728.00000000",
        "quoteQty": "0.07964352",
        "time": 1629981648590,
        "isBuyerMaker": true,
        "isBestMatch": true
    },
    {
        "id": 5290446,
        "price": "0.00004608",
        "qty": "8488.00000000",
        "quoteQty": "0.39112704",
        "time": 1629981650060,
        "isBuyerMaker": true,
        "isBestMatch": true
    },
    {
        "id": 5290447,
        "price": "0.00004608",
        "qty": "7031.00000000",
        "quoteQty": "0.32398848",
        "time": 1629981650564,
        "isBuyerMaker": true,
        "isBestMatch": true
    },
    {
        "id": 5290448,
        "price": "0.00004608",
        "qty": "2481.00000000",
        "quoteQty": "0.11432448",
        "time": 1629981650570,
        "isBuyerMaker": true,
        "isBestMatch": true
    },
    {
        "id": 5290449,
        "price": "0.00004608",
        "qty": "18000.00000000",
        "quoteQty": "0.82944000",
        "time": 1629981653371,
        "isBuyerMaker": true,
        "isBestMatch": true
    },
    {
        "id": 5290450,
        "price": "0.00004608",
        "qty": "9000.00000000",
        "quoteQty": "0.41472000",
        "time": 1629981653371,
        "isBuyerMaker": true,
        "isBestMatch": true
    },
    {
        "id": 5290451,
        "price": "0.00004608",
        "qty": "6862.00000000",
        "quoteQty": "0.31620096",
        "time": 1629981655446,
        "isBuyerMaker": true,
        "isBestMatch": true
    },
    {
        "id": 5290452,
        "price": "0.00004607",
        "qty": "378.00000000",
        "quoteQty": "0.01741446",
        "time": 1629981655728,
        "isBuyerMaker": true,
        "isBestMatch": true
    },
    {
        "id": 5290453,
        "price": "0.00004607",
        "qty": "18000.00000000",
        "quoteQty": "0.82926000",
        "time": 1629981655728,
        "isBuyerMaker": true,
        "isBestMatch": true
    },
    {
        "id": 5290454,
        "price": "0.00004606",
        "qty": "300.00000000",
        "quoteQty": "0.01381800",
        "time": 1629981656236,
        "isBuyerMaker": true,
        "isBestMatch": true
    },
    {
        "id": 5290455,
        "price": "0.00004606",
        "qty": "9000.00000000",
        "quoteQty": "0.41454000",
        "time": 1629981656236,
        "isBuyerMaker": true,
        "isBestMatch": true
    },
    {
        "id": 5290456,
        "price": "0.00004606",
        "qty": "18000.00000000",
        "quoteQty": "0.82908000",
        "time": 1629981656236,
        "isBuyerMaker": true,
        "isBestMatch": true
    },
    {
        "id": 5290457,
        "price": "0.00004605",
        "qty": "415.00000000",
        "quoteQty": "0.01911075",
        "time": 1629981656282,
        "isBuyerMaker": true,
        "isBestMatch": true
    },
    {
        "id": 5290458,
        "price": "0.00004605",
        "qty": "18000.00000000",
        "quoteQty": "0.82890000",
        "time": 1629981656282,
        "isBuyerMaker": true,
        "isBestMatch": true
    },
    {
        "id": 5290459,
        "price": "0.00004604",
        "qty": "221.00000000",
        "quoteQty": "0.01017484",
        "time": 1629981662796,
        "isBuyerMaker": true,
        "isBestMatch": true
    },
    {
        "id": 5290460,
        "price": "0.00004604",
        "qty": "9000.00000000",
        "quoteQty": "0.41436000",
        "time": 1629981662796,
        "isBuyerMaker": true,
        "isBestMatch": true
    },
    {
        "id": 5290461,
        "price": "0.00004602",
        "qty": "218.00000000",
        "quoteQty": "0.01003236",
        "time": 1629981687568,
        "isBuyerMaker": true,
        "isBestMatch": true
    },
    {
        "id": 5290462,
        "price": "0.00004600",
        "qty": "9724.00000000",
        "quoteQty": "0.44730400",
        "time": 1629981687608,
        "isBuyerMaker": true,
        "isBestMatch": true
    },
    {
        "id": 5290463,
        "price": "0.00004600",
        "qty": "163.00000000",
        "quoteQty": "0.00749800",
        "time": 1629981687608,
        "isBuyerMaker": true,
        "isBestMatch": true
    },
    {
        "id": 5290464,
        "price": "0.00004599",
        "qty": "831.00000000",
        "quoteQty": "0.03821769",
        "time": 1629981688611,
        "isBuyerMaker": true,
        "isBestMatch": true
    },
    {
        "id": 5290465,
        "price": "0.00004599",
        "qty": "218.00000000",
        "quoteQty": "0.01002582",
        "time": 1629981688611,
        "isBuyerMaker": true,
        "isBestMatch": true
    },
    {
        "id": 5290466,
        "price": "0.00004599",
        "qty": "603.00000000",
        "quoteQty": "0.02773197",
        "time": 1629981688611,
        "isBuyerMaker": true,
        "isBestMatch": true
    },
    {
        "id": 5290467,
        "price": "0.00004599",
        "qty": "217.00000000",
        "quoteQty": "0.00997983",
        "time": 1629981688611,
        "isBuyerMaker": true,
        "isBestMatch": true
    },
    {
        "id": 5290468,
        "price": "0.00004598",
        "qty": "3005.00000000",
        "quoteQty": "0.13816990",
        "time": 1629981688705,
        "isBuyerMaker": true,
        "isBestMatch": true
    },
    {
        "id": 5290469,
        "price": "0.00004598",
        "qty": "221.00000000",
        "quoteQty": "0.01016158",
        "time": 1629981688705,
        "isBuyerMaker": true,
        "isBestMatch": true
    },
    {
        "id": 5290470,
        "price": "0.00004597",
        "qty": "217.00000000",
        "quoteQty": "0.00997549",
        "time": 1629981688823,
        "isBuyerMaker": true,
        "isBestMatch": true
    },
    {
        "id": 5290471,
        "price": "0.00004597",
        "qty": "236.00000000",
        "quoteQty": "0.01084892",
        "time": 1629981688823,
        "isBuyerMaker": true,
        "isBestMatch": true
    },
    {
        "id": 5290472,
        "price": "0.00004597",
        "qty": "118.00000000",
        "quoteQty": "0.00542446",
        "time": 1629981688823,
        "isBuyerMaker": true,
        "isBestMatch": true
    },
    {
        "id": 5290473,
        "price": "0.00004596",
        "qty": "223.00000000",
        "quoteQty": "0.01024908",
        "time": 1629981716148,
        "isBuyerMaker": true,
        "isBestMatch": true
    },
    {
        "id": 5290474,
        "price": "0.00004596",
        "qty": "142.00000000",
        "quoteQty": "0.00652632",
        "time": 1629981725112,
        "isBuyerMaker": true,
        "isBestMatch": true
    },
    {
        "id": 5290475,
        "price": "0.00004603",
        "qty": "3469.00000000",
        "quoteQty": "0.15967807",
        "time": 1629981744906,
        "isBuyerMaker": false,
        "isBestMatch": true
    },
    {
        "id": 5290476,
        "price": "0.00004603",
        "qty": "2663.00000000",
        "quoteQty": "0.12257789",
        "time": 1629981745411,
        "isBuyerMaker": false,
        "isBestMatch": true
    },
    {
        "id": 5290477,
        "price": "0.00004603",
        "qty": "2868.00000000",
        "quoteQty": "0.13201404",
        "time": 1629981751799,
        "isBuyerMaker": false,
        "isBestMatch": true
    },
    {
        "id": 5290478,
        "price": "0.00004618",
        "qty": "3240.00000000",
        "quoteQty": "0.14962320",
        "time": 1629981754393,
        "isBuyerMaker": false,
        "isBestMatch": true
    },
    {
        "id": 5290479,
        "price": "0.00004618",
        "qty": "14760.00000000",
        "quoteQty": "0.68161680",
        "time": 1629981754395,
        "isBuyerMaker": false,
        "isBestMatch": true
    },
    {
        "id": 5290480,
        "price": "0.00004618",
        "qty": "205.00000000",
        "quoteQty": "0.00946690",
        "time": 1629981783071,
        "isBuyerMaker": false,
        "isBestMatch": true
    },
    {
        "id": 5290481,
        "price": "0.00004619",
        "qty": "636.00000000",
        "quoteQty": "0.02937684",
        "time": 1629981783096,
        "isBuyerMaker": false,
        "isBestMatch": true
    },
    {
        "id": 5290482,
        "price": "0.00004618",
        "qty": "877.00000000",
        "quoteQty": "0.04049986",
        "time": 1629981783115,
        "isBuyerMaker": false,
        "isBestMatch": true
    },
    {
        "id": 5290483,
        "price": "0.00004621",
        "qty": "18000.00000000",
        "quoteQty": "0.83178000",
        "time": 1629981783161,
        "isBuyerMaker": false,
        "isBestMatch": true
    },
    {
        "id": 5290484,
        "price": "0.00004622",
        "qty": "197.00000000",
        "quoteQty": "0.00910534",
        "time": 1629981784312,
        "isBuyerMaker": false,
        "isBestMatch": true
    },
    {
        "id": 5290485,
        "price": "0.00004623",
        "qty": "603.00000000",
        "quoteQty": "0.02787669",
        "time": 1629981785159,
        "isBuyerMaker": false,
        "isBestMatch": true
    },
    {
        "id": 5290486,
        "price": "0.00004623",
        "qty": "217.00000000",
        "quoteQty": "0.01003191",
        "time": 1629981785159,
        "isBuyerMaker": false,
        "isBestMatch": true
    },
    {
        "id": 5290487,
        "price": "0.00004623",
        "qty": "230.00000000",
        "quoteQty": "0.01063290",
        "time": 1629981785159,
        "isBuyerMaker": false,
        "isBestMatch": true
    },
    {
        "id": 5290488,
        "price": "0.00004619",
        "qty": "1521.00000000",
        "quoteQty": "0.07025499",
        "time": 1629981827550,
        "isBuyerMaker": false,
        "isBestMatch": true
    },
    {
        "id": 5290489,
        "price": "0.00004621",
        "qty": "9000.00000000",
        "quoteQty": "0.41589000",
        "time": 1629981841359,
        "isBuyerMaker": false,
        "isBestMatch": true
    },
    {
        "id": 5290490,
        "price": "0.00004624",
        "qty": "32.00000000",
        "quoteQty": "0.00147968",
        "time": 1629981841384,
        "isBuyerMaker": false,
        "isBestMatch": true
    },
    {
        "id": 5290491,
        "price": "0.00004621",
        "qty": "1950.00000000",
        "quoteQty": "0.09010950",
        "time": 1629981843004,
        "isBuyerMaker": true,
        "isBestMatch": true
    },
    {
        "id": 5290492,
        "price": "0.00004617",
        "qty": "18000.00000000",
        "quoteQty": "0.83106000",
        "time": 1629981912347,
        "isBuyerMaker": false,
        "isBestMatch": true
    },
    {
        "id": 5290493,
        "price": "0.00004617",
        "qty": "9000.00000000",
        "quoteQty": "0.41553000",
        "time": 1629981912347,
        "isBuyerMaker": false,
        "isBestMatch": true
    },
    {
        "id": 5290494,
        "price": "0.00004612",
        "qty": "1850.00000000",
        "quoteQty": "0.08532200",
        "time": 1629981921328,
        "isBuyerMaker": true,
        "isBestMatch": true
    },
    {
        "id": 5290495,
        "price": "0.00004615",
        "qty": "18000.00000000",
        "quoteQty": "0.83070000",
        "time": 1629981932401,
        "isBuyerMaker": false,
        "isBestMatch": true
    },
    {
        "id": 5290496,
        "price": "0.00004615",
        "qty": "9000.00000000",
        "quoteQty": "0.41535000",
        "time": 1629981932401,
        "isBuyerMaker": false,
        "isBestMatch": true
    },
    {
        "id": 5290497,
        "price": "0.00004609",
        "qty": "1638.00000000",
        "quoteQty": "0.07549542",
        "time": 1629981938529,
        "isBuyerMaker": true,
        "isBestMatch": true
    },
    {
        "id": 5290498,
        "price": "0.00004600",
        "qty": "3599.00000000",
        "quoteQty": "0.16555400",
        "time": 1629981955512,
        "isBuyerMaker": true,
        "isBestMatch": true
    },
    {
        "id": 5290499,
        "price": "0.00004605",
        "qty": "1612.00000000",
        "quoteQty": "0.07423260",
        "time": 1629981981133,
        "isBuyerMaker": true,
        "isBestMatch": true
    },
    {
        "id": 5290500,
        "price": "0.00004613",
        "qty": "9000.00000000",
        "quoteQty": "0.41517000",
        "time": 1629982022863,
        "isBuyerMaker": false,
        "isBestMatch": true
    },
    {
        "id": 5290501,
        "price": "0.00004615",
        "qty": "18000.00000000",
        "quoteQty": "0.83070000",
        "time": 1629982022970,
        "isBuyerMaker": false,
        "isBestMatch": true
    },
    {
        "id": 5290502,
        "price": "0.00004615",
        "qty": "9000.00000000",
        "quoteQty": "0.41535000",
        "time": 1629982022970,
        "isBuyerMaker": false,
        "isBestMatch": true
    },
    {
        "id": 5290503,
        "price": "0.00004616",
        "qty": "9000.00000000",
        "quoteQty": "0.41544000",
        "time": 1629982023062,
        "isBuyerMaker": false,
        "isBestMatch": true
    },
    {
        "id": 5290504,
        "price": "0.00004618",
        "qty": "147.00000000",
        "quoteQty": "0.00678846",
        "time": 1629982023083,
        "isBuyerMaker": false,
        "isBestMatch": true
    },
    {
        "id": 5290505,
        "price": "0.00004618",
        "qty": "9000.00000000",
        "quoteQty": "0.41562000",
        "time": 1629982023083,
        "isBuyerMaker": false,
        "isBestMatch": true
    },
    {
        "id": 5290506,
        "price": "0.00004618",
        "qty": "177.00000000",
        "quoteQty": "0.00817386",
        "time": 1629982023085,
        "isBuyerMaker": false,
        "isBestMatch": true
    },
    {
        "id": 5290507,
        "price": "0.00004618",
        "qty": "546.00000000",
        "quoteQty": "0.02521428",
        "time": 1629982023350,
        "isBuyerMaker": false,
        "isBestMatch": true
    },
    {
        "id": 5290508,
        "price": "0.00004618",
        "qty": "15999.00000000",
        "quoteQty": "0.73883382",
        "time": 1629982026815,
        "isBuyerMaker": false,
        "isBestMatch": true
    },
    {
        "id": 5290509,
        "price": "0.00004609",
        "qty": "341.00000000",
        "quoteQty": "0.01571669",
        "time": 1629982042232,
        "isBuyerMaker": true,
        "isBestMatch": true
    },
    {
        "id": 5290510,
        "price": "0.00004604",
        "qty": "1000.00000000",
        "quoteQty": "0.04604000",
        "time": 1629982105157,
        "isBuyerMaker": true,
        "isBestMatch": true
    },
    {
        "id": 5290511,
        "price": "0.00004600",
        "qty": "2510.00000000",
        "quoteQty": "0.11546000",
        "time": 1629982119433,
        "isBuyerMaker": true,
        "isBestMatch": true
    },
    {
        "id": 5290512,
        "price": "0.00004599",
        "qty": "603.00000000",
        "quoteQty": "0.02773197",
        "time": 1629982122231,
        "isBuyerMaker": true,
        "isBestMatch": true
    },
    {
        "id": 5290513,
        "price": "0.00004599",
        "qty": "18000.00000000",
        "quoteQty": "0.82782000",
        "time": 1629982122231,
        "isBuyerMaker": true,
        "isBestMatch": true
    },
    {
        "id": 5290514,
        "price": "0.00004603",
        "qty": "2723.00000000",
        "quoteQty": "0.12533969",
        "time": 1629982139701,
        "isBuyerMaker": false,
        "isBestMatch": true
    },
    {
        "id": 5290515,
        "price": "0.00004599",
        "qty": "700.00000000",
        "quoteQty": "0.03219300",
        "time": 1629982141976,
        "isBuyerMaker": false,
        "isBestMatch": true
    },
    {
        "id": 5290516,
        "price": "0.00004599",
        "qty": "700.00000000",
        "quoteQty": "0.03219300",
        "time": 1629982146511,
        "isBuyerMaker": false,
        "isBestMatch": true
    },
    {
        "id": 5290517,
        "price": "0.00004597",
        "qty": "217.00000000",
        "quoteQty": "0.00997549",
        "time": 1629982147197,
        "isBuyerMaker": true,
        "isBestMatch": true
    },
    {
        "id": 5290518,
        "price": "0.00004596",
        "qty": "14.00000000",
        "quoteQty": "0.00064344",
        "time": 1629982147206,
        "isBuyerMaker": true,
        "isBestMatch": true
    },
    {
        "id": 5290519,
        "price": "0.00004596",
        "qty": "218.00000000",
        "quoteQty": "0.01001928",
        "time": 1629982147206,
        "isBuyerMaker": true,
        "isBestMatch": true
    },
    {
        "id": 5290520,
        "price": "0.00004596",
        "qty": "1089.00000000",
        "quoteQty": "0.05005044",
        "time": 1629982147206,
        "isBuyerMaker": true,
        "isBestMatch": true
    },
    {
        "id": 5290521,
        "price": "0.00004599",
        "qty": "2321.00000000",
        "quoteQty": "0.10674279",
        "time": 1629982151711,
        "isBuyerMaker": false,
        "isBestMatch": true
    },
    {
        "id": 5290522,
        "price": "0.00004599",
        "qty": "46345.00000000",
        "quoteQty": "2.13140655",
        "time": 1629982151768,
        "isBuyerMaker": false,
        "isBestMatch": true
    },
    {
        "id": 5290523,
        "price": "0.00004599",
        "qty": "5345.00000000",
        "quoteQty": "0.24581655",
        "time": 1629982171514,
        "isBuyerMaker": true,
        "isBestMatch": true
    },
    {
        "id": 5290524,
        "price": "0.00004599",
        "qty": "2258.00000000",
        "quoteQty": "0.10384542",
        "time": 1629982171519,
        "isBuyerMaker": true,
        "isBestMatch": true
    },
    {
        "id": 5290525,
        "price": "0.00004596",
        "qty": "348.00000000",
        "quoteQty": "0.01599408",
        "time": 1629982173566,
        "isBuyerMaker": false,
        "isBestMatch": true
    },
    {
        "id": 5290526,
        "price": "0.00004594",
        "qty": "220.00000000",
        "quoteQty": "0.01010680",
        "time": 1629982179807,
        "isBuyerMaker": true,
        "isBestMatch": true
    },
    {
        "id": 5290527,
        "price": "0.00004592",
        "qty": "301.00000000",
        "quoteQty": "0.01382192",
        "time": 1629982179830,
        "isBuyerMaker": true,
        "isBestMatch": true
    },
    {
        "id": 5290528,
        "price": "0.00004591",
        "qty": "449.00000000",
        "quoteQty": "0.02061359",
        "time": 1629982181026,
        "isBuyerMaker": true,
        "isBestMatch": true
    },
    {
        "id": 5290529,
        "price": "0.00004590",
        "qty": "16109.00000000",
        "quoteQty": "0.73940310",
        "time": 1629982183189,
        "isBuyerMaker": true,
        "isBestMatch": true
    },
    {
        "id": 5290530,
        "price": "0.00004588",
        "qty": "217.00000000",
        "quoteQty": "0.00995596",
        "time": 1629982185157,
        "isBuyerMaker": true,
        "isBestMatch": true
    },
    {
        "id": 5290531,
        "price": "0.00004588",
        "qty": "2700.00000000",
        "quoteQty": "0.12387600",
        "time": 1629982185157,
        "isBuyerMaker": true,
        "isBestMatch": true
    },
    {
        "id": 5290532,
        "price": "0.00004596",
        "qty": "52.00000000",
        "quoteQty": "0.00238992",
        "time": 1629982213835,
        "isBuyerMaker": false,
        "isBestMatch": true
    },
    {
        "id": 5290533,
        "price": "0.00004606",
        "qty": "1881.00000000",
        "quoteQty": "0.08663886",
        "time": 1629982221589,
        "isBuyerMaker": false,
        "isBestMatch": true
    },
    {
        "id": 5290534,
        "price": "0.00004610",
        "qty": "18000.00000000",
        "quoteQty": "0.82980000",
        "time": 1629982221901,
        "isBuyerMaker": false,
        "isBestMatch": true
    },
    {
        "id": 5290535,
        "price": "0.00004610",
        "qty": "1668.00000000",
        "quoteQty": "0.07689480",
        "time": 1629982221901,
        "isBuyerMaker": false,
        "isBestMatch": true
    },
    {
        "id": 5290536,
        "price": "0.00004616",
        "qty": "379.00000000",
        "quoteQty": "0.01749464",
        "time": 1629982221943,
        "isBuyerMaker": false,
        "isBestMatch": true
    },
    {
        "id": 5290537,
        "price": "0.00004616",
        "qty": "301.00000000",
        "quoteQty": "0.01389416",
        "time": 1629982221943,
        "isBuyerMaker": false,
        "isBestMatch": true
    },
    {
        "id": 5290538,
        "price": "0.00004614",
        "qty": "18000.00000000",
        "quoteQty": "0.83052000",
        "time": 1629982227297,
        "isBuyerMaker": false,
        "isBestMatch": true
    },
    {
        "id": 5290539,
        "price": "0.00004615",
        "qty": "16023.00000000",
        "quoteQty": "0.73946145",
        "time": 1629982227363,
        "isBuyerMaker": false,
        "isBestMatch": true
    },
    {
        "id": 5290540,
        "price": "0.00004618",
        "qty": "18000.00000000",
        "quoteQty": "0.83124000",
        "time": 1629982233817,
        "isBuyerMaker": false,
        "isBestMatch": true
    },
    {
        "id": 5290541,
        "price": "0.00004619",
        "qty": "449.00000000",
        "quoteQty": "0.02073931",
        "time": 1629982233817,
        "isBuyerMaker": false,
        "isBestMatch": true
    },
    {
        "id": 5290542,
        "price": "0.00004620",
        "qty": "3203.00000000",
        "quoteQty": "0.14797860",
        "time": 1629982233817,
        "isBuyerMaker": false,
        "isBestMatch": true
    },
    {
        "id": 5290543,
        "price": "0.00004617",
        "qty": "18000.00000000",
        "quoteQty": "0.83106000",
        "time": 1629982234312,
        "isBuyerMaker": false,
        "isBestMatch": true
    },
    {
        "id": 5290544,
        "price": "0.00004616",
        "qty": "18000.00000000",
        "quoteQty": "0.83088000",
        "time": 1629982236364,
        "isBuyerMaker": false,
        "isBestMatch": true
    },
    {
        "id": 5290545,
        "price": "0.00004619",
        "qty": "18000.00000000",
        "quoteQty": "0.83142000",
        "time": 1629982239950,
        "isBuyerMaker": false,
        "isBestMatch": true
    },
    {
        "id": 5290546,
        "price": "0.00004620",
        "qty": "3297.00000000",
        "quoteQty": "0.15232140",
        "time": 1629982239961,
        "isBuyerMaker": false,
        "isBestMatch": true
    },
    {
        "id": 5290547,
        "price": "0.00004623",
        "qty": "603.00000000",
        "quoteQty": "0.02787669",
        "time": 1629982239985,
        "isBuyerMaker": false,
        "isBestMatch": true
    },
    {
        "id": 5290548,
        "price": "0.00004623",
        "qty": "217.00000000",
        "quoteQty": "0.01003191",
        "time": 1629982239985,
        "isBuyerMaker": false,
        "isBestMatch": true
    },
    {
        "id": 5290549,
        "price": "0.00004624",
        "qty": "1629.00000000",
        "quoteQty": "0.07532496",
        "time": 1629982243894,
        "isBuyerMaker": false,
        "isBestMatch": true
    },
    {
        "id": 5290550,
        "price": "0.00004625",
        "qty": "18000.00000000",
        "quoteQty": "0.83250000",
        "time": 1629982243894,
        "isBuyerMaker": false,
        "isBestMatch": true
    },
    {
        "id": 5290551,
        "price": "0.00004626",
        "qty": "1992.00000000",
        "quoteQty": "0.09214992",
        "time": 1629982243894,
        "isBuyerMaker": false,
        "isBestMatch": true
    },
    {
        "id": 5290552,
        "price": "0.00004612",
        "qty": "18000.00000000",
        "quoteQty": "0.83016000",
        "time": 1629982249801,
        "isBuyerMaker": true,
        "isBestMatch": true
    },
    {
        "id": 5290553,
        "price": "0.00004612",
        "qty": "1881.00000000",
        "quoteQty": "0.08675172",
        "time": 1629982249801,
        "isBuyerMaker": true,
        "isBestMatch": true
    },
    {
        "id": 5290554,
        "price": "0.00004609",
        "qty": "7339.00000000",
        "quoteQty": "0.33825451",
        "time": 1629982250354,
        "isBuyerMaker": true,
        "isBestMatch": true
    },
    {
        "id": 5290555,
        "price": "0.00004624",
        "qty": "18000.00000000",
        "quoteQty": "0.83232000",
        "time": 1629982256081,
        "isBuyerMaker": false,
        "isBestMatch": true
    },
    {
        "id": 5290556,
        "price": "0.00004627",
        "qty": "378.00000000",
        "quoteQty": "0.01749006",
        "time": 1629982256081,
        "isBuyerMaker": false,
        "isBestMatch": true
    },
    {
        "id": 5290557,
        "price": "0.00004627",
        "qty": "236.00000000",
        "quoteQty": "0.01091972",
        "time": 1629982256081,
        "isBuyerMaker": false,
        "isBestMatch": true
    },
    {
        "id": 5290558,
        "price": "0.00004627",
        "qty": "3009.00000000",
        "quoteQty": "0.13922643",
        "time": 1629982256081,
        "isBuyerMaker": false,
        "isBestMatch": true
    },
    {
        "id": 5290559,
        "price": "0.00004620",
        "qty": "18000.00000000",
        "quoteQty": "0.83160000",
        "time": 1629982311897,
        "isBuyerMaker": false,
        "isBestMatch": true
    },
    {
        "id": 5290560,
        "price": "0.00004620",
        "qty": "3710.00000000",
        "quoteQty": "0.17140200",
        "time": 1629982311897,
        "isBuyerMaker": false,
        "isBestMatch": true
    },
    {
        "id": 5290561,
        "price": "0.00004616",
        "qty": "18000.00000000",
        "quoteQty": "0.83088000",
        "time": 1629982342282,
        "isBuyerMaker": true,
        "isBestMatch": true
    },
    {
        "id": 5290562,
        "price": "0.00004611",
        "qty": "10486.00000000",
        "quoteQty": "0.48350946",
        "time": 1629982343907,
        "isBuyerMaker": true,
        "isBestMatch": true
    },
    {
        "id": 5290563,
        "price": "0.00004608",
        "qty": "8516.00000000",
        "quoteQty": "0.39241728",
        "time": 1629982346817,
        "isBuyerMaker": true,
        "isBestMatch": true
    },
    {
        "id": 5290564,
        "price": "0.00004618",
        "qty": "9000.00000000",
        "quoteQty": "0.41562000",
        "time": 1629982356022,
        "isBuyerMaker": false,
        "isBestMatch": true
    },
    {
        "id": 5290565,
        "price": "0.00004623",
        "qty": "9000.00000000",
        "quoteQty": "0.41607000",
        "time": 1629982359643,
        "isBuyerMaker": false,
        "isBestMatch": true
    },
    {
        "id": 5290566,
        "price": "0.00004625",
        "qty": "1703.00000000",
        "quoteQty": "0.07876375",
        "time": 1629982359643,
        "isBuyerMaker": false,
        "isBestMatch": true
    },
    {
        "id": 5290567,
        "price": "0.00004627",
        "qty": "4341.00000000",
        "quoteQty": "0.20085807",
        "time": 1629982359643,
        "isBuyerMaker": false,
        "isBestMatch": true
    },
    {
        "id": 5290568,
        "price": "0.00004627",
        "qty": "2500.00000000",
        "quoteQty": "0.11567500",
        "time": 1629982359643,
        "isBuyerMaker": false,
        "isBestMatch": true
    },
    {
        "id": 5290569,
        "price": "0.00004627",
        "qty": "683.00000000",
        "quoteQty": "0.03160241",
        "time": 1629982359643,
        "isBuyerMaker": false,
        "isBestMatch": true
    },
    {
        "id": 5290570,
        "price": "0.00004619",
        "qty": "4100.00000000",
        "quoteQty": "0.18937900",
        "time": 1629982362073,
        "isBuyerMaker": true,
