[
    {
        "id": 2379539,
        "price": "0.05478000",
        "qty": "9.10000000",
        "quoteQty": "0.49849800",
        "time": 1629980428349,
        "isBuyerMaker": true,
        "isBestMatch": true
    },
    {
        "id": 2379540,
        "price": "0.05487000",
        "qty": "57.70000000",
        "quoteQty": "3.16599900",
        "time": 1629980452169,
        "isBuyerMaker": false,
        "isBestMatch": true
    },
    {
        "id": 2379541,
        "price": "0.05487000",
        "qty": "431.61000000",
        "quoteQty": "23.68244070",
        "time": 1629980452182,
        "isBuyerMaker": false,
        "isBestMatch": true
    },
    {
        "id": 2379542,
        "price": "0.05489000",
        "qty": "132.32000000",
        "quoteQty": "7.26304480",
        "time": 1629980452541,
        "isBuyerMaker": false,
        "isBestMatch": true
    },
    {
        "id": 2379543,
        "price": "0.05489000",
        "qty": "61.13000000",
        "quoteQty": "3.35542570",
        "time": 1629980452549,
        "isBuyerMaker": false,
        "isBestMatch": true
    },
    {
        "id": 2379544,
        "price": "0.05489000",
        "qty": "345.91000000",
        "quoteQty": "18.98699990",
        "time": 1629980452552,
        "isBuyerMaker": false,
        "isBestMatch": true
    },
    {
        "id": 2379545,
        "price": "0.05474000",
        "qty": "31.00000000",
        "quoteQty": "1.69694000",
        "time": 1629980503806,
        "isBuyerMaker": true,
        "isBestMatch": true
    },
    {
        "id": 2379546,
        "price": "0.05474000",
        "qty": "13.16000000",
        "quoteQty": "0.72037840",
        "time": 1629980503806,
        "isBuyerMaker": true,
        "isBestMatch": true
    },
    {
        "id": 2379547,
        "price": "0.05473000",
        "qty": "54.11000000",
        "quoteQty": "2.96144030",
        "time": 1629980503818,
        "isBuyerMaker": true,
        "isBestMatch": true
    },
    {
        "id": 2379548,
        "price": "0.05473000",
        "qty": "177.13000000",
        "quoteQty": "9.69432490",
        "time": 1629980503818,
        "isBuyerMaker": true,
        "isBestMatch": true
    },
    {
        "id": 2379549,
        "price": "0.05473000",
        "qty": "252.24000000",
        "quoteQty": "13.80509520",
        "time": 1629980504825,
        "isBuyerMaker": true,
        "isBestMatch": true
    },
    {
        "id": 2379550,
        "price": "0.05477000",
        "qty": "9.76000000",
        "quoteQty": "0.53455520",
        "time": 1629980526688,
        "isBuyerMaker": false,
        "isBestMatch": true
    },
    {
        "id": 2379551,
        "price": "0.05483000",
        "qty": "8.30000000",
        "quoteQty": "0.45508900",
        "time": 1629980541567,
        "isBuyerMaker": true,
        "isBestMatch": true
    },
    {
        "id": 2379552,
        "price": "0.05482000",
        "qty": "9.31000000",
        "quoteQty": "0.51037420",
        "time": 1629980555687,
        "isBuyerMaker": false,
        "isBestMatch": true
    },
    {
        "id": 2379553,
        "price": "0.05488000",
        "qty": "31.00000000",
        "quoteQty": "1.70128000",
        "time": 1629980576691,
        "isBuyerMaker": false,
        "isBestMatch": true
    },
    {
        "id": 2379554,
        "price": "0.05490000",
        "qty": "16.39000000",
        "quoteQty": "0.89981100",
        "time": 1629980578588,
        "isBuyerMaker": false,
        "isBestMatch": true
    },
    {
        "id": 2379555,
        "price": "0.05490000",
        "qty": "1.20000000",
        "quoteQty": "0.06588000",
        "time": 1629980578588,
        "isBuyerMaker": false,
        "isBestMatch": true
    },
    {
        "id": 2379556,
        "price": "0.05490000",
        "qty": "10.84000000",
        "quoteQty": "0.59511600",
        "time": 1629980578588,
        "isBuyerMaker": false,
        "isBestMatch": true
    },
    {
        "id": 2379557,
        "price": "0.05487000",
        "qty": "8.31000000",
        "quoteQty": "0.45596970",
        "time": 1629980580443,
        "isBuyerMaker": true,
        "isBestMatch": true
    },
    {
        "id": 2379558,
        "price": "0.05491000",
        "qty": "12.58000000",
        "quoteQty": "0.69076780",
        "time": 1629980581362,
        "isBuyerMaker": false,
        "isBestMatch": true
    },
    {
        "id": 2379559,
        "price": "0.05492000",
        "qty": "19.11000000",
        "quoteQty": "1.04952120",
        "time": 1629980581512,
        "isBuyerMaker": false,
        "isBestMatch": true
    },
    {
        "id": 2379560,
        "price": "0.05493000",
        "qty": "34.50000000",
        "quoteQty": "1.89508500",
        "time": 1629980584609,
        "isBuyerMaker": false,
        "isBestMatch": true
    },
    {
        "id": 2379561,
        "price": "0.05497000",
        "qty": "1.32000000",
        "quoteQty": "0.07256040",
        "time": 1629980585322,
        "isBuyerMaker": false,
        "isBestMatch": true
    },
    {
        "id": 2379562,
        "price": "0.05497000",
        "qty": "14.15000000",
        "quoteQty": "0.77782550",
        "time": 1629980588611,
        "isBuyerMaker": false,
        "isBestMatch": true
    },
    {
        "id": 2379563,
        "price": "0.05497000",
        "qty": "16.85000000",
        "quoteQty": "0.92624450",
        "time": 1629980588614,
        "isBuyerMaker": false,
        "isBestMatch": true
    },
    {
        "id": 2379564,
        "price": "0.05497000",
        "qty": "1.32000000",
        "quoteQty": "0.07256040",
        "time": 1629980589996,
        "isBuyerMaker": false,
        "isBestMatch": true
    },
    {
        "id": 2379565,
        "price": "0.05497000",
        "qty": "1.83000000",
        "quoteQty": "0.10059510",
        "time": 1629980592132,
        "isBuyerMaker": false,
        "isBestMatch": true
    },
    {
        "id": 2379566,
        "price": "0.05497000",
        "qty": "31.74000000",
        "quoteQty": "1.74474780",
        "time": 1629980594149,
        "isBuyerMaker": false,
        "isBestMatch": true
    },
    {
        "id": 2379567,
        "price": "0.05491000",
        "qty": "3.32000000",
        "quoteQty": "0.18230120",
        "time": 1629980597821,
        "isBuyerMaker": true,
        "isBestMatch": true
    },
    {
        "id": 2379568,
        "price": "0.05496000",
        "qty": "1.59000000",
        "quoteQty": "0.08738640",
        "time": 1629980598249,
        "isBuyerMaker": false,
        "isBestMatch": true
    },
    {
        "id": 2379569,
        "price": "0.05498000",
        "qty": "28.45000000",
        "quoteQty": "1.56418100",
        "time": 1629980600331,
        "isBuyerMaker": false,
        "isBestMatch": true
    },
    {
        "id": 2379570,
        "price": "0.05504000",
        "qty": "1.19000000",
        "quoteQty": "0.06549760",
        "time": 1629980631142,
        "isBuyerMaker": false,
        "isBestMatch": true
    },
    {
        "id": 2379571,
        "price": "0.05504000",
        "qty": "15.16000000",
        "quoteQty": "0.83440640",
        "time": 1629980636056,
        "isBuyerMaker": false,
        "isBestMatch": true
    },
    {
        "id": 2379572,
        "price": "0.05513000",
        "qty": "19.04000000",
        "quoteQty": "1.04967520",
        "time": 1629980663962,
        "isBuyerMaker": false,
        "isBestMatch": true
    },
    {
        "id": 2379573,
        "price": "0.05512000",
        "qty": "27.19000000",
        "quoteQty": "1.49871280",
        "time": 1629980677326,
        "isBuyerMaker": false,
        "isBestMatch": true
    },
    {
        "id": 2379574,
        "price": "0.05521000",
        "qty": "31.00000000",
        "quoteQty": "1.71151000",
        "time": 1629980706643,
        "isBuyerMaker": false,
        "isBestMatch": true
    },
    {
        "id": 2379575,
        "price": "0.05523000",
        "qty": "19.84000000",
        "quoteQty": "1.09576320",
        "time": 1629980709198,
        "isBuyerMaker": false,
        "isBestMatch": true
    },
    {
        "id": 2379576,
        "price": "0.05524000",
        "qty": "31.65000000",
        "quoteQty": "1.74834600",
        "time": 1629980711190,
        "isBuyerMaker": false,
        "isBestMatch": true
    },
    {
        "id": 2379577,
        "price": "0.05529000",
        "qty": "16.27000000",
        "quoteQty": "0.89956830",
        "time": 1629980722833,
        "isBuyerMaker": false,
        "isBestMatch": true
    },
    {
        "id": 2379578,
        "price": "0.05537000",
        "qty": "1.60000000",
        "quoteQty": "0.08859200",
        "time": 1629980731593,
        "isBuyerMaker": false,
        "isBestMatch": true
    },
    {
        "id": 2379579,
        "price": "0.05537000",
        "qty": "2.03000000",
        "quoteQty": "0.11240110",
        "time": 1629980731593,
        "isBuyerMaker": false,
        "isBestMatch": true
    },
    {
        "id": 2379580,
        "price": "0.05537000",
        "qty": "36.90000000",
        "quoteQty": "2.04315300",
        "time": 1629980731593,
        "isBuyerMaker": false,
        "isBestMatch": true
    },
    {
        "id": 2379581,
        "price": "0.05537000",
        "qty": "2.00000000",
        "quoteQty": "0.11074000",
        "time": 1629980755848,
        "isBuyerMaker": true,
        "isBestMatch": true
    },
    {
        "id": 2379582,
        "price": "0.05537000",
        "qty": "1.23000000",
        "quoteQty": "0.06810510",
        "time": 1629980757305,
        "isBuyerMaker": true,
        "isBestMatch": true
    },
    {
        "id": 2379583,
        "price": "0.05534000",
        "qty": "0.58000000",
        "quoteQty": "0.03209720",
        "time": 1629980757305,
        "isBuyerMaker": true,
        "isBestMatch": true
    },
    {
        "id": 2379584,
        "price": "0.05534000",
        "qty": "1.81000000",
        "quoteQty": "0.10016540",
        "time": 1629980757382,
        "isBuyerMaker": true,
        "isBestMatch": true
    },
    {
        "id": 2379585,
        "price": "0.05538000",
        "qty": "30.50000000",
        "quoteQty": "1.68909000",
        "time": 1629980757437,
        "isBuyerMaker": false,
        "isBestMatch": true
    },
    {
        "id": 2379586,
        "price": "0.05538000",
        "qty": "119.48000000",
        "quoteQty": "6.61680240",
        "time": 1629980757942,
        "isBuyerMaker": false,
        "isBestMatch": true
    },
    {
        "id": 2379587,
        "price": "0.05538000",
        "qty": "124.00000000",
        "quoteQty": "6.86712000",
        "time": 1629980758007,
        "isBuyerMaker": false,
        "isBestMatch": true
    },
    {
        "id": 2379588,
        "price": "0.05538000",
        "qty": "145.37000000",
        "quoteQty": "8.05059060",
        "time": 1629980758012,
        "isBuyerMaker": false,
        "isBestMatch": true
    },
    {
        "id": 2379589,
        "price": "0.05541000",
        "qty": "154.80000000",
        "quoteQty": "8.57746800",
        "time": 1629980762951,
        "isBuyerMaker": false,
        "isBestMatch": true
    },
    {
        "id": 2379590,
        "price": "0.05541000",
        "qty": "398.46000000",
        "quoteQty": "22.07866860",
        "time": 1629980762951,
        "isBuyerMaker": false,
        "isBestMatch": true
    },
    {
        "id": 2379591,
        "price": "0.05541000",
        "qty": "8.57000000",
        "quoteQty": "0.47486370",
        "time": 1629980762953,
        "isBuyerMaker": false,
        "isBestMatch": true
    },
    {
        "id": 2379592,
        "price": "0.05543000",
        "qty": "9.21000000",
        "quoteQty": "0.51051030",
        "time": 1629980762974,
        "isBuyerMaker": false,
        "isBestMatch": true
    },
    {
        "id": 2379593,
        "price": "0.05543000",
        "qty": "22.39000000",
        "quoteQty": "1.24107770",
        "time": 1629980763043,
        "isBuyerMaker": false,
        "isBestMatch": true
    },
    {
        "id": 2379594,
        "price": "0.05544000",
        "qty": "9.92000000",
        "quoteQty": "0.54996480",
        "time": 1629980764468,
        "isBuyerMaker": false,
        "isBestMatch": true
    },
    {
        "id": 2379595,
        "price": "0.05544000",
        "qty": "1.48000000",
        "quoteQty": "0.08205120",
        "time": 1629980764523,
        "isBuyerMaker": false,
        "isBestMatch": true
    },
    {
        "id": 2379596,
        "price": "0.05544000",
        "qty": "406.14000000",
        "quoteQty": "22.51640160",
        "time": 1629980765857,
        "isBuyerMaker": false,
        "isBestMatch": true
    },
    {
        "id": 2379597,
        "price": "0.05544000",
        "qty": "79.94000000",
        "quoteQty": "4.43187360",
        "time": 1629980765863,
        "isBuyerMaker": false,
        "isBestMatch": true
    },
    {
        "id": 2379598,
        "price": "0.05544000",
        "qty": "155.53000000",
        "quoteQty": "8.62258320",
        "time": 1629980765950,
        "isBuyerMaker": false,
        "isBestMatch": true
    },
    {
        "id": 2379599,
        "price": "0.05544000",
        "qty": "56.14000000",
        "quoteQty": "3.11240160",
        "time": 1629980765964,
        "isBuyerMaker": false,
        "isBestMatch": true
    },
    {
        "id": 2379600,
        "price": "0.05545000",
        "qty": "18.90000000",
        "quoteQty": "1.04800500",
        "time": 1629980766728,
        "isBuyerMaker": false,
        "isBestMatch": true
    },
    {
        "id": 2379601,
        "price": "0.05545000",
        "qty": "0.03000000",
        "quoteQty": "0.00166350",
        "time": 1629980766746,
        "isBuyerMaker": false,
        "isBestMatch": true
    },
    {
        "id": 2379602,
        "price": "0.05548000",
        "qty": "10.80000000",
        "quoteQty": "0.59918400",
        "time": 1629980774510,
        "isBuyerMaker": false,
        "isBestMatch": true
    },
    {
        "id": 2379603,
        "price": "0.05548000",
        "qty": "0.09000000",
        "quoteQty": "0.00499320",
        "time": 1629980774557,
        "isBuyerMaker": false,
        "isBestMatch": true
    },
    {
        "id": 2379604,
        "price": "0.05549000",
        "qty": "16.11000000",
        "quoteQty": "0.89394390",
        "time": 1629980774557,
        "isBuyerMaker": false,
        "isBestMatch": true
    },
    {
        "id": 2379605,
        "price": "0.05543000",
        "qty": "0.92000000",
        "quoteQty": "0.05099560",
        "time": 1629980779723,
        "isBuyerMaker": true,
        "isBestMatch": true
    },
    {
        "id": 2379606,
        "price": "0.05545000",
        "qty": "31.00000000",
        "quoteQty": "1.71895000",
        "time": 1629980786318,
        "isBuyerMaker": true,
        "isBestMatch": true
    },
    {
        "id": 2379607,
        "price": "0.05537000",
        "qty": "16.25000000",
        "quoteQty": "0.89976250",
        "time": 1629980786318,
        "isBuyerMaker": true,
        "isBestMatch": true
    },
    {
        "id": 2379608,
        "price": "0.05534000",
        "qty": "9.86000000",
        "quoteQty": "0.54565240",
        "time": 1629980786318,
        "isBuyerMaker": true,
        "isBestMatch": true
    },
    {
        "id": 2379609,
        "price": "0.05551000",
        "qty": "31.00000000",
        "quoteQty": "1.72081000",
        "time": 1629980824243,
        "isBuyerMaker": true,
        "isBestMatch": true
    },
    {
        "id": 2379610,
        "price": "0.05551000",
        "qty": "5.78000000",
        "quoteQty": "0.32084780",
        "time": 1629980824262,
        "isBuyerMaker": true,
        "isBestMatch": true
    },
    {
        "id": 2379611,
        "price": "0.05553000",
        "qty": "14.88000000",
        "quoteQty": "0.82628640",
        "time": 1629980864763,
        "isBuyerMaker": false,
        "isBestMatch": true
    },
    {
        "id": 2379612,
        "price": "0.05546000",
        "qty": "31.00000000",
        "quoteQty": "1.71926000",
        "time": 1629980885844,
        "isBuyerMaker": true,
        "isBestMatch": true
    },
    {
        "id": 2379613,
        "price": "0.05546000",
        "qty": "16.22000000",
        "quoteQty": "0.89956120",
        "time": 1629980897600,
        "isBuyerMaker": false,
        "isBestMatch": true
    },
    {
        "id": 2379614,
        "price": "0.05552000",
        "qty": "526.60000000",
        "quoteQty": "29.23683200",
        "time": 1629980904819,
        "isBuyerMaker": true,
        "isBestMatch": true
    },
    {
        "id": 2379615,
        "price": "0.05549000",
        "qty": "376.47000000",
        "quoteQty": "20.89032030",
        "time": 1629980906491,
        "isBuyerMaker": true,
        "isBestMatch": true
    },
    {
        "id": 2379616,
        "price": "0.05549000",
        "qty": "382.57000000",
        "quoteQty": "21.22880930",
        "time": 1629980906493,
        "isBuyerMaker": true,
        "isBestMatch": true
    },
    {
        "id": 2379617,
        "price": "0.05546000",
        "qty": "248.00000000",
        "quoteQty": "13.75408000",
        "time": 1629980910149,
        "isBuyerMaker": true,
        "isBestMatch": true
    },
    {
        "id": 2379618,
        "price": "0.05546000",
        "qty": "124.00000000",
        "quoteQty": "6.87704000",
        "time": 1629980910158,
        "isBuyerMaker": true,
        "isBestMatch": true
    },
    {
        "id": 2379619,
        "price": "0.05546000",
        "qty": "606.02000000",
        "quoteQty": "33.60986920",
        "time": 1629980918395,
        "isBuyerMaker": true,
        "isBestMatch": true
    },
    {
        "id": 2379620,
        "price": "0.05543000",
        "qty": "0.93000000",
        "quoteQty": "0.05154990",
        "time": 1629980997306,
        "isBuyerMaker": true,
        "isBestMatch": true
    },
    {
        "id": 2379621,
        "price": "0.05532000",
        "qty": "16.26000000",
        "quoteQty": "0.89950320",
        "time": 1629980999872,
        "isBuyerMaker": true,
        "isBestMatch": true
    },
    {
        "id": 2379622,
        "price": "0.05528000",
        "qty": "2.20000000",
        "quoteQty": "0.12161600",
        "time": 1629981009616,
        "isBuyerMaker": true,
        "isBestMatch": true
    },
    {
        "id": 2379623,
        "price": "0.05527000",
        "qty": "3.70000000",
        "quoteQty": "0.20449900",
        "time": 1629981033964,
        "isBuyerMaker": false,
        "isBestMatch": true
    },
    {
        "id": 2379624,
        "price": "0.05535000",
        "qty": "4.39000000",
        "quoteQty": "0.24298650",
        "time": 1629981052221,
        "isBuyerMaker": false,
        "isBestMatch": true
    },
    {
        "id": 2379625,
        "price": "0.05531000",
        "qty": "6.29000000",
        "quoteQty": "0.34789990",
        "time": 1629981063060,
        "isBuyerMaker": true,
        "isBestMatch": true
    },
    {
        "id": 2379626,
        "price": "0.05536000",
        "qty": "3.55000000",
        "quoteQty": "0.19652800",
        "time": 1629981066638,
        "isBuyerMaker": false,
        "isBestMatch": true
    },
    {
        "id": 2379627,
        "price": "0.05536000",
        "qty": "5.65000000",
        "quoteQty": "0.31278400",
        "time": 1629981067446,
        "isBuyerMaker": false,
        "isBestMatch": true
    },
    {
        "id": 2379628,
        "price": "0.05536000",
        "qty": "124.00000000",
        "quoteQty": "6.86464000",
        "time": 1629981067811,
        "isBuyerMaker": false,
        "isBestMatch": true
    },
    {
        "id": 2379629,
        "price": "0.05536000",
        "qty": "3.60000000",
        "quoteQty": "0.19929600",
        "time": 1629981067813,
        "isBuyerMaker": false,
        "isBestMatch": true
    },
    {
        "id": 2379630,
        "price": "0.05536000",
        "qty": "124.00000000",
        "quoteQty": "6.86464000",
        "time": 1629981067814,
        "isBuyerMaker": false,
        "isBestMatch": true
    },
    {
        "id": 2379631,
        "price": "0.05536000",
        "qty": "7.67000000",
        "quoteQty": "0.42461120",
        "time": 1629981068787,
        "isBuyerMaker": false,
        "isBestMatch": true
    },
    {
        "id": 2379632,
        "price": "0.05536000",
        "qty": "46.33000000",
        "quoteQty": "2.56482880",
        "time": 1629981068889,
        "isBuyerMaker": false,
        "isBestMatch": true
    },
    {
        "id": 2379633,
        "price": "0.05536000",
        "qty": "70.97000000",
        "quoteQty": "3.92889920",
        "time": 1629981068941,
        "isBuyerMaker": false,
        "isBestMatch": true
    },
    {
        "id": 2379634,
        "price": "0.05536000",
        "qty": "2.32000000",
        "quoteQty": "0.12843520",
        "time": 1629981069182,
        "isBuyerMaker": false,
        "isBestMatch": true
    },
    {
        "id": 2379635,
        "price": "0.05536000",
        "qty": "16.96000000",
        "quoteQty": "0.93890560",
        "time": 1629981069213,
        "isBuyerMaker": false,
        "isBestMatch": true
    },
    {
        "id": 2379636,
        "price": "0.05536000",
        "qty": "18.57000000",
        "quoteQty": "1.02803520",
        "time": 1629981069217,
        "isBuyerMaker": false,
        "isBestMatch": true
    },
    {
        "id": 2379637,
        "price": "0.05536000",
        "qty": "10.09000000",
        "quoteQty": "0.55858240",
        "time": 1629981069263,
        "isBuyerMaker": false,
        "isBestMatch": true
    },
    {
        "id": 2379638,
        "price": "0.05536000",
        "qty": "12.61000000",
        "quoteQty": "0.69808960",
        "time": 1629981069433,
        "isBuyerMaker": false,
        "isBestMatch": true
    },
    {
        "id": 2379639,
        "price": "0.05539000",
        "qty": "47.84000000",
        "quoteQty": "2.64985760",
        "time": 1629981069960,
        "isBuyerMaker": false,
        "isBestMatch": true
    },
    {
        "id": 2379640,
        "price": "0.05539000",
        "qty": "76.90000000",
        "quoteQty": "4.25949100",
        "time": 1629981070287,
        "isBuyerMaker": false,
        "isBestMatch": true
    },
    {
        "id": 2379641,
        "price": "0.05539000",
        "qty": "10.48000000",
        "quoteQty": "0.58048720",
        "time": 1629981070334,
        "isBuyerMaker": false,
        "isBestMatch": true
    },
    {
        "id": 2379642,
        "price": "0.05539000",
        "qty": "18.05000000",
        "quoteQty": "0.99978950",
        "time": 1629981073489,
        "isBuyerMaker": false,
        "isBestMatch": true
    },
    {
        "id": 2379643,
        "price": "0.05539000",
        "qty": "54.00000000",
        "quoteQty": "2.99106000",
        "time": 1629981073592,
        "isBuyerMaker": false,
        "isBestMatch": true
    },
    {
        "id": 2379644,
        "price": "0.05539000",
        "qty": "9.02000000",
        "quoteQty": "0.49961780",
        "time": 1629981074685,
        "isBuyerMaker": false,
        "isBestMatch": true
    },
    {
        "id": 2379645,
        "price": "0.05539000",
        "qty": "9.02000000",
        "quoteQty": "0.49961780",
        "time": 1629981075141,
        "isBuyerMaker": false,
        "isBestMatch": true
    },
    {
        "id": 2379646,
        "price": "0.05539000",
        "qty": "92.74000000",
        "quoteQty": "5.13686860",
        "time": 1629981075285,
        "isBuyerMaker": false,
        "isBestMatch": true
    },
    {
        "id": 2379647,
        "price": "0.05539000",
        "qty": "31.24000000",
        "quoteQty": "1.73038360",
        "time": 1629981075341,
        "isBuyerMaker": false,
        "isBestMatch": true
    },
    {
        "id": 2379648,
        "price": "0.05539000",
        "qty": "87.44000000",
        "quoteQty": "4.84330160",
        "time": 1629981083291,
        "isBuyerMaker": false,
        "isBestMatch": true
    },
    {
        "id": 2379649,
        "price": "0.05539000",
        "qty": "90.07000000",
        "quoteQty": "4.98897730",
        "time": 1629981084630,
        "isBuyerMaker": false,
        "isBestMatch": true
    },
    {
        "id": 2379650,
        "price": "0.05539000",
        "qty": "18.04000000",
        "quoteQty": "0.99923560",
        "time": 1629981084784,
        "isBuyerMaker": false,
        "isBestMatch": true
    },
    {
        "id": 2379651,
        "price": "0.05539000",
        "qty": "1.68000000",
        "quoteQty": "0.09305520",
        "time": 1629981086386,
        "isBuyerMaker": false,
        "isBestMatch": true
    },
    {
        "id": 2379652,
        "price": "0.05531000",
        "qty": "10.91000000",
        "quoteQty": "0.60343210",
        "time": 1629981136392,
        "isBuyerMaker": true,
        "isBestMatch": true
    },
    {
        "id": 2379653,
        "price": "0.05529000",
        "qty": "14.00000000",
        "quoteQty": "0.77406000",
        "time": 1629981145392,
        "isBuyerMaker": true,
        "isBestMatch": true
    },
    {
        "id": 2379654,
        "price": "0.05526000",
        "qty": "8.68000000",
        "quoteQty": "0.47965680",
        "time": 1629981153151,
        "isBuyerMaker": true,
        "isBestMatch": true
    },
    {
        "id": 2379655,
        "price": "0.05526000",
        "qty": "22.32000000",
        "quoteQty": "1.23340320",
        "time": 1629981153151,
        "isBuyerMaker": true,
        "isBestMatch": true
    },
    {
        "id": 2379656,
        "price": "0.05525000",
        "qty": "8.25000000",
        "quoteQty": "0.45581250",
        "time": 1629981154362,
        "isBuyerMaker": true,
        "isBestMatch": true
    },
    {
        "id": 2379657,
        "price": "0.05525000",
        "qty": "65.77000000",
        "quoteQty": "3.63379250",
        "time": 1629981155161,
        "isBuyerMaker": true,
        "isBestMatch": true
    },
    {
        "id": 2379658,
        "price": "0.05525000",
        "qty": "245.35000000",
        "quoteQty": "13.55558750",
        "time": 1629981155163,
        "isBuyerMaker": true,
        "isBestMatch": true
    },
    {
        "id": 2379659,
        "price": "0.05525000",
        "qty": "203.35000000",
        "quoteQty": "11.23508750",
        "time": 1629981155164,
        "isBuyerMaker": true,
        "isBestMatch": true
    },
    {
        "id": 2379660,
        "price": "0.05528000",
        "qty": "253.37000000",
        "quoteQty": "14.00629360",
        "time": 1629981178011,
        "isBuyerMaker": false,
        "isBestMatch": true
    },
    {
        "id": 2379661,
        "price": "0.05528000",
        "qty": "13.14000000",
        "quoteQty": "0.72637920",
        "time": 1629981178033,
        "isBuyerMaker": false,
        "isBestMatch": true
    },
    {
        "id": 2379662,
        "price": "0.05528000",
        "qty": "6.35000000",
        "quoteQty": "0.35102800",
        "time": 1629981178046,
        "isBuyerMaker": false,
        "isBestMatch": true
    },
    {
        "id": 2379663,
        "price": "0.05525000",
        "qty": "3.89000000",
        "quoteQty": "0.21492250",
        "time": 1629981200487,
        "isBuyerMaker": true,
        "isBestMatch": true
    },
    {
        "id": 2379664,
        "price": "0.05525000",
        "qty": "22.29000000",
        "quoteQty": "1.23152250",
        "time": 1629981200494,
        "isBuyerMaker": true,
        "isBestMatch": true
    },
    {
        "id": 2379665,
        "price": "0.05531000",
        "qty": "4.00000000",
        "quoteQty": "0.22124000",
        "time": 1629981214316,
        "isBuyerMaker": false,
        "isBestMatch": true
    },
    {
        "id": 2379666,
        "price": "0.05528000",
        "qty": "14.11000000",
        "quoteQty": "0.78000080",
        "time": 1629981223742,
        "isBuyerMaker": false,
        "isBestMatch": true
    },
    {
        "id": 2379667,
        "price": "0.05528000",
        "qty": "5.00000000",
        "quoteQty": "0.27640000",
        "time": 1629981225834,
        "isBuyerMaker": false,
        "isBestMatch": true
    },
    {
        "id": 2379668,
        "price": "0.05526000",
        "qty": "10.86000000",
        "quoteQty": "0.60012360",
        "time": 1629981233270,
        "isBuyerMaker": true,
        "isBestMatch": true
    },
    {
        "id": 2379669,
        "price": "0.05518000",
        "qty": "19.02000000",
        "quoteQty": "1.04952360",
        "time": 1629981239499,
        "isBuyerMaker": true,
        "isBestMatch": true
    },
    {
        "id": 2379670,
        "price": "0.05517000",
        "qty": "18.00000000",
        "quoteQty": "0.99306000",
        "time": 1629981239502,
        "isBuyerMaker": true,
        "isBestMatch": true
    },
    {
        "id": 2379671,
        "price": "0.05517000",
        "qty": "18.00000000",
        "quoteQty": "0.99306000",
        "time": 1629981239509,
        "isBuyerMaker": true,
        "isBestMatch": true
    },
    {
        "id": 2379672,
        "price": "0.05513000",
        "qty": "31.60000000",
        "quoteQty": "1.74210800",
        "time": 1629981252928,
        "isBuyerMaker": true,
        "isBestMatch": true
    },
    {
        "id": 2379673,
        "price": "0.05518000",
        "qty": "21.60000000",
        "quoteQty": "1.19188800",
        "time": 1629981354608,
        "isBuyerMaker": true,
        "isBestMatch": true
    },
    {
        "id": 2379674,
        "price": "0.05518000",
        "qty": "19.20000000",
        "quoteQty": "1.05945600",
        "time": 1629981354616,
        "isBuyerMaker": true,
        "isBestMatch": true
    },
    {
        "id": 2379675,
        "price": "0.05518000",
        "qty": "21.60000000",
        "quoteQty": "1.19188800",
        "time": 1629981354617,
        "isBuyerMaker": true,
        "isBestMatch": true
    },
    {
        "id": 2379676,
        "price": "0.05528000",
        "qty": "3.65000000",
        "quoteQty": "0.20177200",
        "time": 1629981370825,
        "isBuyerMaker": false,
        "isBestMatch": true
    },
    {
        "id": 2379677,
        "price": "0.05534000",
        "qty": "18.97000000",
        "quoteQty": "1.04979980",
        "time": 1629981391310,
        "isBuyerMaker": false,
        "isBestMatch": true
    },
    {
        "id": 2379678,
        "price": "0.05534000",
        "qty": "231.03000000",
        "quoteQty": "12.78520020",
        "time": 1629981391310,
        "isBuyerMaker": false,
        "isBestMatch": true
    },
    {
        "id": 2379679,
        "price": "0.05533000",
        "qty": "0.90000000",
        "quoteQty": "0.04979700",
        "time": 1629981402280,
        "isBuyerMaker": false,
        "isBestMatch": true
    },
    {
        "id": 2379680,
        "price": "0.05533000",
        "qty": "7.22000000",
        "quoteQty": "0.39948260",
        "time": 1629981409707,
        "isBuyerMaker": false,
        "isBestMatch": true
    },
    {
        "id": 2379681,
        "price": "0.05526000",
        "qty": "94.10000000",
        "quoteQty": "5.19996600",
        "time": 1629981443944,
        "isBuyerMaker": true,
        "isBestMatch": true
    },
    {
        "id": 2379682,
        "price": "0.05526000",
        "qty": "11.67000000",
        "quoteQty": "0.64488420",
        "time": 1629981444297,
        "isBuyerMaker": true,
        "isBestMatch": true
    },
    {
        "id": 2379683,
        "price": "0.05526000",
        "qty": "1.79000000",
        "quoteQty": "0.09891540",
        "time": 1629981444587,
        "isBuyerMaker": true,
        "isBestMatch": true
    },
    {
        "id": 2379684,
        "price": "0.05526000",
        "qty": "124.00000000",
        "quoteQty": "6.85224000",
        "time": 1629981445681,
        "isBuyerMaker": true,
        "isBestMatch": true
    },
    {
        "id": 2379685,
        "price": "0.05526000",
        "qty": "124.00000000",
        "quoteQty": "6.85224000",
        "time": 1629981445682,
        "isBuyerMaker": true,
        "isBestMatch": true
    },
    {
        "id": 2379686,
        "price": "0.05526000",
        "qty": "44.16000000",
        "quoteQty": "2.44028160",
        "time": 1629981447290,
        "isBuyerMaker": true,
        "isBestMatch": true
    },
    {
        "id": 2379687,
        "price": "0.05526000",
        "qty": "124.67000000",
        "quoteQty": "6.88926420",
        "time": 1629981447297,
        "isBuyerMaker": true,
        "isBestMatch": true
    },
    {
        "id": 2379688,
        "price": "0.05529000",
        "qty": "31.00000000",
        "quoteQty": "1.71399000",
        "time": 1629981448564,
        "isBuyerMaker": false,
        "isBestMatch": true
    },
    {
        "id": 2379689,
        "price": "0.05529000",
        "qty": "6.70000000",
        "quoteQty": "0.37044300",
        "time": 1629981448564,
        "isBuyerMaker": false,
        "isBestMatch": true
    },
    {
        "id": 2379690,
        "price": "0.05529000",
        "qty": "87.30000000",
        "quoteQty": "4.82681700",
        "time": 1629981448571,
        "isBuyerMaker": true,
        "isBestMatch": true
    },
    {
        "id": 2379691,
        "price": "0.05525000",
        "qty": "87.30000000",
        "quoteQty": "4.82332500",
        "time": 1629981448594,
        "isBuyerMaker": true,
        "isBestMatch": true
    },
    {
        "id": 2379692,
        "price": "0.05525000",
        "qty": "16.76000000",
        "quoteQty": "0.92599000",
        "time": 1629981448698,
        "isBuyerMaker": true,
        "isBestMatch": true
    },
    {
        "id": 2379693,
        "price": "0.05525000",
        "qty": "20.94000000",
        "quoteQty": "1.15693500",
        "time": 1629981448705,
        "isBuyerMaker": true,
        "isBestMatch": true
    },
    {
        "id": 2379694,
        "price": "0.05532000",
        "qty": "5.40000000",
        "quoteQty": "0.29872800",
        "time": 1629981500860,
        "isBuyerMaker": false,
        "isBestMatch": true
    },
    {
        "id": 2379695,
        "price": "0.05529000",
        "qty": "31.00000000",
        "quoteQty": "1.71399000",
        "time": 1629981523587,
        "isBuyerMaker": false,
        "isBestMatch": true
    },
    {
        "id": 2379696,
        "price": "0.05529000",
        "qty": "31.00000000",
        "quoteQty": "1.71399000",
        "time": 1629981525471,
        "isBuyerMaker": true,
        "isBestMatch": true
    },
    {
        "id": 2379697,
        "price": "0.05529000",
        "qty": "37.06000000",
        "quoteQty": "2.04904740",
        "time": 1629981525471,
        "isBuyerMaker": true,
        "isBestMatch": true
    },
    {
        "id": 2379698,
        "price": "0.05528000",
        "qty": "5.80000000",
        "quoteQty": "0.32062400",
        "time": 1629981525638,
        "isBuyerMaker": false,
        "isBestMatch": true
    },
    {
        "id": 2379699,
        "price": "0.05528000",
        "qty": "82.09000000",
        "quoteQty": "4.53793520",
        "time": 1629981525888,
        "isBuyerMaker": false,
        "isBestMatch": true
    },
    {
        "id": 2379700,
        "price": "0.05528000",
        "qty": "312.38000000",
        "quoteQty": "17.26836640",
        "time": 1629981525897,
        "isBuyerMaker": false,
        "isBestMatch": true
    },
    {
        "id": 2379701,
        "price": "0.05531000",
        "qty": "50.77000000",
        "quoteQty": "2.80808870",
        "time": 1629981530485,
        "isBuyerMaker": false,
        "isBestMatch": true
    },
    {
        "id": 2379702,
        "price": "0.05530000",
        "qty": "31.00000000",
        "quoteQty": "1.71430000",
        "time": 1629981554377,
        "isBuyerMaker": false,
        "isBestMatch": true
    },
    {
        "id": 2379703,
        "price": "0.05531000",
        "qty": "96.68000000",
        "quoteQty": "5.34737080",
        "time": 1629981554377,
        "isBuyerMaker": false,
        "isBestMatch": true
    },
    {
        "id": 2379704,
        "price": "0.05526000",
        "qty": "31.00000000",
        "quoteQty": "1.71306000",
        "time": 1629981570936,
        "isBuyerMaker": false,
        "isBestMatch": true
    },
    {
        "id": 2379705,
        "price": "0.05527000",
        "qty": "67.00000000",
        "quoteQty": "3.70309000",
        "time": 1629981570936,
        "isBuyerMaker": false,
        "isBestMatch": true
    },
    {
        "id": 2379706,
        "price": "0.05518000",
        "qty": "31.00000000",
        "quoteQty": "1.71058000",
        "time": 1629981639130,
        "isBuyerMaker": true,
        "isBestMatch": true
    },
    {
        "id": 2379707,
        "price": "0.05515000",
        "qty": "19.03000000",
        "quoteQty": "1.04950450",
        "time": 1629981639160,
        "isBuyerMaker": true,
        "isBestMatch": true
    },
    {
        "id": 2379708,
        "price": "0.05508000",
        "qty": "16.32000000",
        "quoteQty": "0.89890560",
        "time": 1629981664839,
        "isBuyerMaker": true,
        "isBestMatch": true
    },
    {
        "id": 2379709,
        "price": "0.05508000",
        "qty": "0.01000000",
        "quoteQty": "0.00055080",
        "time": 1629981664841,
        "isBuyerMaker": true,
        "isBestMatch": true
    },
    {
        "id": 2379710,
        "price": "0.05506000",
        "qty": "31.76000000",
        "quoteQty": "1.74870560",
        "time": 1629981664880,
        "isBuyerMaker": true,
        "isBestMatch": true
    },
    {
        "id": 2379711,
        "price": "0.05500000",
        "qty": "31.00000000",
        "quoteQty": "1.70500000",
        "time": 1629981666119,
        "isBuyerMaker": true,
        "isBestMatch": true
    },
    {
        "id": 2379712,
        "price": "0.05498000",
        "qty": "19.09000000",
        "quoteQty": "1.04956820",
        "time": 1629981666478,
        "isBuyerMaker": true,
        "isBestMatch": true
    },
    {
        "id": 2379713,
        "price": "0.05493000",
        "qty": "31.00000000",
        "quoteQty": "1.70283000",
        "time": 1629981667504,
        "isBuyerMaker": true,
        "isBestMatch": true
    },
    {
        "id": 2379714,
        "price": "0.05496000",
        "qty": "31.00000000",
        "quoteQty": "1.70376000",
        "time": 1629981668477,
        "isBuyerMaker": false,
        "isBestMatch": true
    },
    {
        "id": 2379715,
        "price": "0.05509000",
        "qty": "1.00000000",
        "quoteQty": "0.05509000",
        "time": 1629981729589,
        "isBuyerMaker": false,
        "isBestMatch": true
    },
    {
        "id": 2379716,
        "price": "0.05511000",
        "qty": "19.05000000",
        "quoteQty": "1.04984550",
        "time": 1629981743518,
        "isBuyerMaker": false,
        "isBestMatch": true
    },
    {
        "id": 2379717,
        "price": "0.05507000",
        "qty": "31.00000000",
        "quoteQty": "1.70717000",
        "time": 1629981797492,
        "isBuyerMaker": false,
        "isBestMatch": true
    },
    {
        "id": 2379718,
        "price": "0.05502000",
        "qty": "124.00000000",
        "quoteQty": "6.82248000",
        "time": 1629981809509,
        "isBuyerMaker": false,
        "isBestMatch": true
    },
    {
        "id": 2379719,
        "price": "0.05502000",
        "qty": "124.00000000",
        "quoteQty": "6.82248000",
        "time": 1629981809511,
        "isBuyerMaker": false,
        "isBestMatch": true
    },
    {
        "id": 2379720,
        "price": "0.05502000",
        "qty": "8.02000000",
        "quoteQty": "0.44126040",
        "time": 1629981809593,
        "isBuyerMaker": false,
        "isBestMatch": true
    },
    {
        "id": 2379721,
        "price": "0.05502000",
        "qty": "8.02000000",
        "quoteQty": "0.44126040",
        "time": 1629981809700,
        "isBuyerMaker": false,
        "isBestMatch": true
    },
    {
        "id": 2379722,
        "price": "0.05502000",
        "qty": "27.02000000",
        "quoteQty": "1.48664040",
        "time": 1629981809740,
        "isBuyerMaker": false,
        "isBestMatch": true
    },
    {
        "id": 2379723,
        "price": "0.05502000",
        "qty": "60.39000000",
        "quoteQty": "3.32265780",
        "time": 1629981810835,
        "isBuyerMaker": false,
        "isBestMatch": true
    },
    {
        "id": 2379724,
        "price": "0.05502000",
        "qty": "3.00000000",
        "quoteQty": "0.16506000",
        "time": 1629981811143,
        "isBuyerMaker": false,
        "isBestMatch": true
    },
    {
        "id": 2379725,
        "price": "0.05502000",
        "qty": "59.14000000",
        "quoteQty": "3.25388280",
        "time": 1629981811191,
        "isBuyerMaker": false,
        "isBestMatch": true
    },
    {
        "id": 2379726,
        "price": "0.05502000",
        "qty": "43.54000000",
        "quoteQty": "2.39557080",
        "time": 1629981811285,
        "isBuyerMaker": false,
        "isBestMatch": true
    },
    {
        "id": 2379727,
        "price": "0.05502000",
        "qty": "29.84000000",
        "quoteQty": "1.64179680",
        "time": 1629981811492,
        "isBuyerMaker": false,
        "isBestMatch": true
    },
    {
        "id": 2379728,
        "price": "0.05504000",
        "qty": "98.00000000",
        "quoteQty": "5.39392000",
        "time": 1629981825676,
        "isBuyerMaker": false,
        "isBestMatch": true
    },
    {
        "id": 2379729,
        "price": "0.05504000",
        "qty": "24.50000000",
        "quoteQty": "1.34848000",
        "time": 1629981827784,
        "isBuyerMaker": false,
        "isBestMatch": true
    },
    {
        "id": 2379730,
        "price": "0.05500000",
        "qty": "1.40000000",
        "quoteQty": "0.07700000",
        "time": 1629981911603,
        "isBuyerMaker": true,
        "isBestMatch": true
    },
    {
        "id": 2379731,
        "price": "0.05497000",
        "qty": "19.10000000",
        "quoteQty": "1.04992700",
        "time": 1629981912399,
        "isBuyerMaker": true,
        "isBestMatch": true
    },
    {
        "id": 2379732,
        "price": "0.05502000",
        "qty": "247.80000000",
        "quoteQty": "13.63395600",
        "time": 1629981998033,
        "isBuyerMaker": false,
        "isBestMatch": true
    },
    {
        "id": 2379733,
        "price": "0.05504000",
        "qty": "27.10000000",
        "quoteQty": "1.49158400",
        "time": 1629982027851,
        "isBuyerMaker": false,
        "isBestMatch": true
    },
    {
        "id": 2379734,
        "price": "0.05502000",
        "qty": "2.18000000",
        "quoteQty": "0.11994360",
        "time": 1629982052351,
        "isBuyerMaker": false,
        "isBestMatch": true
    },
    {
        "id": 2379735,
        "price": "0.05494000",
        "qty": "31.00000000",
        "quoteQty": "1.70314000",
        "time": 1629982055762,
        "isBuyerMaker": true,
        "isBestMatch": true
    },
    {
        "id": 2379736,
        "price": "0.05493000",
        "qty": "92.33000000",
        "quoteQty": "5.07168690",
        "time": 1629982056374,
        "isBuyerMaker": true,
        "isBestMatch": true
    },
    {
        "id": 2379737,
        "price": "0.05493000",
        "qty": "332.20000000",
        "quoteQty": "18.24774600",
        "time": 1629982056377,
        "isBuyerMaker": true,
        "isBestMatch": true
    },
    {
        "id": 2379738,
        "price": "0.05493000",
        "qty": "96.57000000",
        "quoteQty": "5.30459010",
        "time": 1629982057656,
        "isBuyerMaker": true,
        "isBestMatch": true
    },
    {
        "id": 2379739,
        "price": "0.05494000",
        "qty": "31.00000000",
        "quoteQty": "1.70314000",
        "time": 1629982057862,
        "isBuyerMaker": false,
        "isBestMatch": true
    },
    {
        "id": 2379740,
        "price": "0.05493000",
        "qty": "26.36000000",
        "quoteQty": "1.44795480",
        "time": 1629982059296,
        "isBuyerMaker": true,
        "isBestMatch": true
    },
    {
        "id": 2379741,
        "price": "0.05493000",
        "qty": "28.55000000",
        "quoteQty": "1.56825150",
        "time": 1629982070802,
        "isBuyerMaker": true,
        "isBestMatch": true
    },
    {
        "id": 2379742,
        "price": "0.05493000",
        "qty": "0.04000000",
        "quoteQty": "0.00219720",
        "time": 1629982070802,
        "isBuyerMaker": true,
        "isBestMatch": true
    },
    {
        "id": 2379743,
        "price": "0.05506000",
        "qty": "68.48000000",
        "quoteQty": "3.77050880",
        "time": 1629982120337,
        "isBuyerMaker": false,
        "isBestMatch": true
    },
    {
        "id": 2379744,
        "price": "0.05506000",
        "qty": "345.28000000",
        "quoteQty": "19.01111680",
        "time": 1629982120345,
        "isBuyerMaker": false,
        "isBestMatch": true
    },
    {
        "id": 2379745,
        "price": "0.05508000",
        "qty": "10.00000000",
        "quoteQty": "0.55080000",
        "time": 1629982128441,
        "isBuyerMaker": false,
        "isBestMatch": true
    },
    {
        "id": 2379746,
        "price": "0.05508000",
        "qty": "81.41000000",
        "quoteQty": "4.48406280",
        "time": 1629982129643,
        "isBuyerMaker": false,
        "isBestMatch": true
    },
    {
        "id": 2379747,
        "price": "0.05508000",
        "qty": "450.67000000",
        "quoteQty": "24.82290360",
        "time": 1629982129653,
        "isBuyerMaker": false,
        "isBestMatch": true
    },
    {
        "id": 2379748,
        "price": "0.05512000",
        "qty": "19.04000000",
        "quoteQty": "1.04948480",
        "time": 1629982165151,
        "isBuyerMaker": false,
        "isBestMatch": true
    },
    {
        "id": 2379749,
        "price": "0.05511000",
        "qty": "6.60000000",
        "quoteQty": "0.36372600",
        "time": 1629982224876,
        "isBuyerMaker": true,
        "isBestMatch": true
    },
    {
        "id": 2379750,
        "price": "0.05511000",
        "qty": "0.07000000",
        "quoteQty": "0.00385770",
        "time": 1629982224877,
        "isBuyerMaker": true,
        "isBestMatch": true
    },
    {
        "id": 2379751,
        "price": "0.05508000",
        "qty": "5.00000000",
        "quoteQty": "0.27540000",
        "time": 1629982236489,
        "isBuyerMaker": false,
        "isBestMatch": true
    },
    {
        "id": 2379752,
        "price": "0.05514000",
        "qty": "31.70000000",
        "quoteQty": "1.74793800",
        "time": 1629982291147,
        "isBuyerMaker": false,
        "isBestMatch": true
    },
    {
        "id": 2379753,
        "price": "0.05515000",
        "qty": "19.86000000",
        "quoteQty": "1.09527900",
        "time": 1629982296485,
        "isBuyerMaker": false,
        "isBestMatch": true
    },
    {
        "id": 2379754,
        "price": "0.05515000",
        "qty": "9.06000000",
        "quoteQty": "0.49965900",
        "time": 1629982296994,
        "isBuyerMaker": false,
        "isBestMatch": true
    },
    {
        "id": 2379755,
        "price": "0.05516000",
        "qty": "16.31000000",
        "quoteQty": "0.89965960",
        "time": 1629982314937,
        "isBuyerMaker": false,
        "isBestMatch": true
    },
    {
        "id": 2379756,
        "price": "0.05519000",
        "qty": "2.00000000",
        "quoteQty": "0.11038000",
        "time": 1629982319388,
        "isBuyerMaker": false,
        "isBestMatch": true
    },
    {
        "id": 2379757,
        "price": "0.05517000",
        "qty": "4.73000000",
        "quoteQty": "0.26095410",
        "time": 1629982320239,
        "isBuyerMaker": false,
        "isBestMatch": true
    },
    {
        "id": 2379758,
        "price": "0.05524000",
        "qty": "12.07000000",
        "quoteQty": "0.66674680",
        "time": 1629982354785,
        "isBuyerMaker": false,
        "isBestMatch": true
    },
    {
        "id": 2379759,
        "price": "0.05524000",
        "qty": "272.20000000",
        "quoteQty": "15.03632800",
        "time": 1629982354795,
        "isBuyerMaker": false,
        "isBestMatch": true
    },
    {
        "id": 2379760,
        "price": "0.05524000",
        "qty": "150.40000000",
        "quoteQty": "8.30809600",
        "time": 1629982354796,
        "isBuyerMaker": false,
        "isBestMatch": true
    },
    {
        "id": 2379761,
        "price": "0.05526000",
        "qty": "530.64000000",
        "quoteQty": "29.32316640",
        "time": 1629982366922,
        "isBuyerMaker": false,
        "isBestMatch": true
    },
    {
        "id": 2379762,
        "price": "0.05529000",
        "qty": "4.28000000",
        "quoteQty": "0.23664120",
        "time": 1629982369138,
        "isBuyerMaker": false,
        "isBestMatch": true
    },
    {
        "id": 2379763,
        "price": "0.05529000",
        "qty": "446.68000000",
        "quoteQty": "24.69693720",
        "time": 1629982369151,
        "isBuyerMaker": false,
        "isBestMatch": true
    },
    {
        "id": 2379764,
        "price": "0.05529000",
        "qty": "315.68000000",
        "quoteQty": "17.45394720",
        "time": 1629982369160,
        "isBuyerMaker": false,
        "isBestMatch": true
    },
    {
        "id": 2379765,
        "price": "0.05526000",
        "qty": "31.00000000",
        "quoteQty": "1.71306000",
        "time": 1629982398944,
        "isBuyerMaker": false,
        "isBestMatch": true
    },
    {
        "id": 2379766,
        "price": "0.05528000",
        "qty": "19.99000000",
        "quoteQty": "1.10504720",
        "time": 1629982427735,
        "isBuyerMaker": false,
        "isBestMatch": true
    },
    {
        "id": 2379767,
        "price": "0.05527000",
        "qty": "4.16000000",
        "quoteQty": "0.22992320",
        "time": 1629982451690,
        "isBuyerMaker": false,
        "isBestMatch": true
    },
    {
        "id": 2379768,
        "price": "0.05527000",
        "qty": "22.36000000",
        "quoteQty": "1.23583720",
        "time": 1629982453786,
        "isBuyerMaker": false,
        "isBestMatch": true
    },
    {
        "id": 2379769,
        "price": "0.05530000",
        "qty": "18.98000000",
        "quoteQty": "1.04959400",
        "time": 1629982457579,
        "isBuyerMaker": false,
        "isBestMatch": true
    },
    {
        "id": 2379770,
        "price": "0.05537000",
        "qty": "16.25000000",
        "quoteQty": "0.89976250",
        "time": 1629982475193,
        "isBuyerMaker": false,
        "isBestMatch": true
    },
    {
        "id": 2379771,
        "price": "0.05534000",
        "qty": "17.86000000",
        "quoteQty": "0.98837240",
        "time": 1629982510312,
        "isBuyerMaker": true,
        "isBestMatch": true
    },
    {
        "id": 2379772,
        "price": "0.05534000",
        "qty": "90.50000000",
        "quoteQty": "5.00827000",
        "time": 1629982510323,
        "isBuyerMaker": true,
        "isBestMatch": true
    },
    {
        "id": 2379773,
        "price": "0.05534000",
        "qty": "17.90000000",
        "quoteQty": "0.99058600",
        "time": 1629982510329,
        "isBuyerMaker": true,
        "isBestMatch": true
    },
    {
        "id": 2379774,
        "price": "0.05537000",
        "qty": "51.96000000",
        "quoteQty": "2.87702520",
        "time": 1629982539238,
        "isBuyerMaker": false,
        "isBestMatch": true
    },
    {
        "id": 2379775,
        "price": "0.05537000",
        "qty": "2.23000000",
        "quoteQty": "0.12347510",
        "time": 1629982540439,
        "isBuyerMaker": false,
        "isBestMatch": true
    },
    {
        "id": 2379776,
        "price": "0.05537000",
        "qty": "7.58000000",
        "quoteQty": "0.41970460",
        "time": 1629982540738,
        "isBuyerMaker": false,
        "isBestMatch": true
    },
    {
        "id": 2379777,
        "price": "0.05537000",
        "qty": "46.38000000",
        "quoteQty": "2.56806060",
        "time": 1629982540823,
        "isBuyerMaker": false,
        "isBestMatch": true
    },
    {
        "id": 2379778,
        "price": "0.05537000",
        "qty": "18.11000000",
        "quoteQty": "1.00275070",
        "time": 1629982540827,
        "isBuyerMaker": false,
        "isBestMatch": true
    },
    {
        "id": 2379779,
        "price": "0.05534000",
        "qty": "1.27000000",
        "quoteQty": "0.07028180",
        "time": 1629982570560,
        "isBuyerMaker": false,
        "isBestMatch": true
    },
    {
        "id": 2379780,
        "price": "0.05529000",
        "qty": "27.30000000",
        "quoteQty": "1.50941700",
        "time": 1629982585630,
        "isBuyerMaker": true,
        "isBestMatch": true
    },
    {
        "id": 2379781,
        "price": "0.05532000",
        "qty": "31.00000000",
        "quoteQty": "1.71492000",
        "time": 1629982621564,
        "isBuyerMaker": false,
        "isBestMatch": true
    },
    {
        "id": 2379782,
        "price": "0.05529000",
        "qty": "51.80000000",
        "quoteQty": "2.86402200",
        "time": 1629982649398,
        "isBuyerMaker": true,
        "isBestMatch": true
    },
    {
        "id": 2379783,
        "price": "0.05529000",
        "qty": "0.08000000",
        "quoteQty": "0.00442320",
        "time": 1629982649406,
        "isBuyerMaker": true,
        "isBestMatch": true
    },
    {
        "id": 2379784,
        "price": "0.05526000",
        "qty": "31.00000000",
        "quoteQty": "1.71306000",
        "time": 1629982677158,
        "isBuyerMaker": true,
        "isBestMatch": true
    },
    {
        "id": 2379785,
        "price": "0.05521000",
        "qty": "16.30000000",
        "quoteQty": "0.89992300",
        "time": 1629982693794,
        "isBuyerMaker": true,
        "isBestMatch": true
    },
    {
        "id": 2379786,
        "price": "0.05519000",
        "qty": "31.00000000",
        "quoteQty": "1.71089000",
        "time": 1629982695943,
        "isBuyerMaker": true,
        "isBestMatch": true
    },
    {
        "id": 2379787,
        "price": "0.05518000",
        "qty": "1.00000000",
        "quoteQty": "0.05518000",
        "time": 1629982695951,
        "isBuyerMaker": true,
        "isBestMatch": true
    },
    {
        "id": 2379788,
        "price": "0.05517000",
        "qty": "72.97000000",
        "quoteQty": "4.02575490",
        "time": 1629982695963,
        "isBuyerMaker": true,
        "isBestMatch": true
    },
    {
        "id": 2379789,
        "price": "0.05517000",
        "qty": "372.78000000",
        "quoteQty": "20.56627260",
        "time": 1629982695967,
        "isBuyerMaker": true,
        "isBestMatch": true
    },
    {
        "id": 2379790,
        "price": "0.05517000",
        "qty": "102.08000000",
        "quoteQty": "5.63175360",
        "time": 1629982695968,
        "isBuyerMaker": true,
        "isBestMatch": true
    },
    {
        "id": 2379791,
        "price": "0.05515000",
        "qty": "743.45000000",
        "quoteQty": "41.00126750",
        "time": 1629982696112,
        "isBuyerMaker": true,
        "isBestMatch": true
    },
    {
        "id": 2379792,
        "price": "0.05513000",
        "qty": "31.00000000",
        "quoteQty": "1.70903000",
        "time": 1629982696159,
        "isBuyerMaker": true,
        "isBestMatch": true
    },
    {
        "id": 2379793,
        "price": "0.05513000",
        "qty": "31.00000000",
        "quoteQty": "1.70903000",
        "time": 1629982696172,
        "isBuyerMaker": true,
        "isBestMatch": true
    },
    {
        "id": 2379794,
        "price": "0.05515000",
        "qty": "1.20000000",
        "quoteQty": "0.06618000",
        "time": 1629982702070,
        "isBuyerMaker": true,
        "isBestMatch": true
    },
    {
        "id": 2379795,
        "price": "0.05516000",
        "qty": "39.69000000",
        "quoteQty": "2.18930040",
        "time": 1629982728192,
        "isBuyerMaker": true,
        "isBestMatch": true
    },
    {
        "id": 2379796,
        "price": "0.05517000",
        "qty": "174.02000000",
        "quoteQty": "9.60068340",
        "time": 1629982762878,
        "isBuyerMaker": false,
        "isBestMatch": true
    },
    {
        "id": 2379797,
        "price": "0.05517000",
        "qty": "7.02000000",
        "quoteQty": "0.38729340",
        "time": 1629982766211,
        "isBuyerMaker": false,
        "isBestMatch": true
    },
    {
        "id": 2379798,
        "price": "0.05517000",
        "qty": "4.00000000",
        "quoteQty": "0.22068000",
        "time": 1629982769341,
        "isBuyerMaker": false,
        "isBestMatch": true
    },
    {
        "id": 2379799,
        "price": "0.05517000",
        "qty": "278.21000000",
        "quoteQty": "15.34884570",
        "time": 1629982772545,
        "isBuyerMaker": false,
        "isBestMatch": true
    },
    {
        "id": 2379800,
        "price": "0.05517000",
        "qty": "476.82000000",
        "quoteQty": "26.30615940",
        "time": 1629982772547,
        "isBuyerMaker": false,
        "isBestMatch": true
    },
    {
        "id": 2379801,
        "price": "0.05517000",
        "qty": "254.32000000",
        "quoteQty": "14.03083440",
        "time": 1629982772547,
        "isBuyerMaker": false,
        "isBestMatch": true
    },
    {
        "id": 2379802,
        "price": "0.05517000",
        "qty": "429.51000000",
        "quoteQty": "23.69606670",
        "time": 1629982772553,
        "isBuyerMaker": false,
        "isBestMatch": true
    },
    {
        "id": 2379803,
        "price": "0.05520000",
        "qty": "124.00000000",
        "quoteQty": "6.84480000",
        "time": 1629982774001,
        "isBuyerMaker": false,
        "isBestMatch": true
    },
    {
        "id": 2379804,
        "price": "0.05517000",
        "qty": "31.00000000",
        "quoteQty": "1.71027000",
        "time": 1629982775658,
        "isBuyerMaker": true,
        "isBestMatch": true
    },
    {
        "id": 2379805,
        "price": "0.05515000",
        "qty": "31.00000000",
        "quoteQty": "1.70965000",
        "time": 1629982794976,
        "isBuyerMaker": true,
        "isBestMatch": true
    },
    {
        "id": 2379806,
        "price": "0.05511000",
        "qty": "8.08000000",
        "quoteQty": "0.44528880",
        "time": 1629982852273,
        "isBuyerMaker": true,
        "isBestMatch": true
    },
    {
        "id": 2379807,
        "price": "0.05510000",
        "qty": "19.05000000",
        "quoteQty": "1.04965500",
        "time": 1629982859212,
        "isBuyerMaker": true,
        "isBestMatch": true
    },
    {
        "id": 2379808,
        "price": "0.05510000",
        "qty": "7.37000000",
        "quoteQty": "0.40608700",
        "time": 1629982859212,
        "isBuyerMaker": true,
        "isBestMatch": true
    },
    {
        "id": 2379809,
        "price": "0.05507000",
        "qty": "1.46000000",
        "quoteQty": "0.08040220",
        "time": 1629982866691,
        "isBuyerMaker": true,
        "isBestMatch": true
    },
    {
        "id": 2379810,
        "price": "0.05506000",
        "qty": "13.31000000",
        "quoteQty": "0.73284860",
        "time": 1629982884789,
        "isBuyerMaker": false,
        "isBestMatch": true
    },
    {
        "id": 2379811,
        "price": "0.05503000",
        "qty": "16.35000000",
        "quoteQty": "0.89974050",
        "time": 1629982888134,
        "isBuyerMaker": true,
        "isBestMatch": true
    },
    {
        "id": 2379812,
        "price": "0.05502000",
        "qty": "39.79000000",
        "quoteQty": "2.18924580",
        "time": 1629982897798,
        "isBuyerMaker": true,
        "isBestMatch": true
    },
    {
        "id": 2379813,
        "price": "0.05493000",
        "qty": "31.00000000",
        "quoteQty": "1.70283000",
        "time": 1629982926997,
        "isBuyerMaker": true,
        "isBestMatch": true
    },
    {
        "id": 2379814,
        "price": "0.05492000",
        "qty": "19.11000000",
        "quoteQty": "1.04952120",
        "time": 1629982927015,
        "isBuyerMaker": true,
        "isBestMatch": true
    },
    {
        "id": 2379815,
        "price": "0.05492000",
        "qty": "100.00000000",
        "quoteQty": "5.49200000",
        "time": 1629982927015,
        "isBuyerMaker": true,
        "isBestMatch": true
    },
    {
        "id": 2379816,
        "price": "0.05491000",
        "qty": "2.00000000",
        "quoteQty": "0.10982000",
        "time": 1629982927184,
        "isBuyerMaker": true,
        "isBestMatch": true
    },
    {
        "id": 2379817,
        "price": "0.05489000",
        "qty": "7.50000000",
        "quoteQty": "0.41167500",
        "time": 1629982927238,
        "isBuyerMaker": true,
        "isBestMatch": true
    },
    {
        "id": 2379818,
        "price": "0.05487000",
        "qty": "1.60000000",
        "quoteQty": "0.08779200",
        "time": 1629982937298,
        "isBuyerMaker": true,
        "isBestMatch": true
    },
    {
        "id": 2379819,
        "price": "0.05485000",
        "qty": "16.39000000",
        "quoteQty": "0.89899150",
        "time": 1629982938060,
        "isBuyerMaker": true,
        "isBestMatch": true
    },
    {
        "id": 2379820,
        "price": "0.05485000",
        "qty": "0.01000000",
        "quoteQty": "0.00054850",
        "time": 1629982938063,
        "isBuyerMaker": true,
        "isBestMatch": true
    },
    {
        "id": 2379821,
        "price": "0.05484000",
        "qty": "39.85000000",
        "quoteQty": "2.18537400",
        "time": 1629982947040,
        "isBuyerMaker": true,
        "isBestMatch": true
    },
    {
        "id": 2379822,
        "price": "0.05480000",
        "qty": "367.64000000",
        "quoteQty": "20.14667200",
        "time": 1629982959992,
        "isBuyerMaker": true,
        "isBestMatch": true
    },
    {
        "id": 2379823,
        "price": "0.05478000",
        "qty": "2.03000000",
        "quoteQty": "0.11120340",
        "time": 1629982960042,
        "isBuyerMaker": true,
        "isBestMatch": true
    },
    {
        "id": 2379824,
        "price": "0.05473000",
        "qty": "9.09000000",
        "quoteQty": "0.49749570",
        "time": 1629982974239,
        "isBuyerMaker": false,
        "isBestMatch": true
    },
    {
        "id": 2379825,
        "price": "0.05471000",
        "qty": "7.70000000",
        "quoteQty": "0.42126700",
        "time": 1629982979188,
        "isBuyerMaker": false,
        "isBestMatch": true
    },
    {
        "id": 2379826,
        "price": "0.05471000",
        "qty": "3.42000000",
        "quoteQty": "0.18710820",
        "time": 1629982980092,
        "isBuyerMaker": false,
        "isBestMatch": true
    },
    {
        "id": 2379827,
        "price": "0.05471000",
        "qty": "19.88000000",
        "quoteQty": "1.08763480",
        "time": 1629982980296,
        "isBuyerMaker": false,
        "isBestMatch": true
    },
    {
        "id": 2379828,
        "price": "0.05471000",
        "qty": "8.83000000",
        "quoteQty": "0.48308930",
        "time": 1629982985022,
        "isBuyerMaker": false,
        "isBestMatch": true
    },
    {
        "id": 2379829,
        "price": "0.05470000",
        "qty": "1.15000000",
        "quoteQty": "0.06290500",
        "time": 1629982987071,
        "isBuyerMaker": true,
        "isBestMatch": true
    },
    {
        "id": 2379830,
        "price": "0.05470000",
        "qty": "19.19000000",
        "quoteQty": "1.04969300",
        "time": 1629982987071,
        "isBuyerMaker": true,
        "isBestMatch": true
    },
    {
        "id": 2379831,
        "price": "0.05470000",
        "qty": "4.86000000",
        "quoteQty": "0.26584200",
        "time": 1629982987071,
        "isBuyerMaker": true,
        "isBestMatch": true
    },
    {
        "id": 2379832,
        "price": "0.05469000",
        "qty": "11.59000000",
        "quoteQty": "0.63385710",
        "time": 1629982987073,
        "isBuyerMaker": true,
        "isBestMatch": true
    },
    {
        "id": 2379833,
        "price": "0.05469000",
        "qty": "16.70000000",
        "quoteQty": "0.91332300",
        "time": 1629982987613,
        "isBuyerMaker": true,
        "isBestMatch": true
    },
    {
        "id": 2379834,
        "price": "0.05469000",
        "qty": "11.66000000",
        "quoteQty": "0.63768540",
        "time": 1629982987613,
        "isBuyerMaker": true,
        "isBestMatch": true
    },
    {
        "id": 2379835,
        "price": "0.05467000",
        "qty": "16.46000000",
        "quoteQty": "0.89986820",
        "time": 1629982990975,
        "isBuyerMaker": true,
        "isBestMatch": true
    },
    {
        "id": 2379836,
        "price": "0.05467000",
        "qty": "31.00000000",
        "quoteQty": "1.69477000",
        "time": 1629982990975,
        "isBuyerMaker": true,
        "isBestMatch": true
    },
    {
        "id": 2379837,
        "price": "0.05467000",
        "qty": "7.61000000",
        "quoteQty": "0.41603870",
        "time": 1629982990975,
        "isBuyerMaker": true,
        "isBestMatch": true
    },
    {
        "id": 2379838,
        "price": "0.05466000",
        "qty": "3.60000000",
        "quoteQty": "0.19677600",
        "time": 1629982991110,
        "isBuyerMaker": true,
        "isBestMatch": true
    },
    {
        "id": 2379839,
        "price": "0.05466000",
        "qty": "1.56000000",
        "quoteQty": "0.08526960",
        "time": 1629982991742,
        "isBuyerMaker": false,
        "isBestMatch": true
    },
    {
        "id": 2379840,
        "price": "0.05466000",
        "qty": "7.59000000",
        "quoteQty": "0.41486940",
        "time": 1629982991797,
        "isBuyerMaker": false,
        "isBestMatch": true
    },
    {
        "id": 2379841,
        "price": "0.05464000",
        "qty": "31.00000000",
        "quoteQty": "1.69384000",
        "time": 1629982992142,
        "isBuyerMaker": false,
        "isBestMatch": true
    },
    {
        "id": 2379842,
        "price": "0.05465000",
        "qty": "567.33000000",
        "quoteQty": "31.00458450",
        "time": 1629982993514,
        "isBuyerMaker": true,
        "isBestMatch": true
    },
    {
        "id": 2379843,
        "price": "0.05463000",
        "qty": "124.00000000",
        "quoteQty": "6.77412000",
        "time": 1629982994883,
        "isBuyerMaker": true,
        "isBestMatch": true
    },
    {
        "id": 2379844,
        "price": "0.05463000",
        "qty": "124.00000000",
        "quoteQty": "6.77412000",
        "time": 1629982994892,
        "isBuyerMaker": true,
        "isBestMatch": true
    },
    {
        "id": 2379845,
        "price": "0.05463000",
        "qty": "139.00000000",
        "quoteQty": "7.59357000",
        "time": 1629982995852,
        "isBuyerMaker": true,
        "isBestMatch": true
    },
    {
        "id": 2379846,
        "price": "0.05463000",
        "qty": "226.20000000",
        "quoteQty": "12.35730600",
        "time": 1629982995854,
        "isBuyerMaker": true,
        "isBestMatch": true
    },
    {
        "id": 2379847,
        "price": "0.05464000",
        "qty": "31.00000000",
        "quoteQty": "1.69384000",
        "time": 1629982997660,
        "isBuyerMaker": false,
        "isBestMatch": true
    },
    {
        "id": 2379848,
        "price": "0.05463000",
        "qty": "31.00000000",
        "quoteQty": "1.69353000",
        "time": 1629983002897,
        "isBuyerMaker": true,
        "isBestMatch": true
    },
    {
        "id": 2379849,
        "price": "0.05463000",
        "qty": "105.62000000",
        "quoteQty": "5.77002060",
        "time": 1629983005174,
        "isBuyerMaker": true,
        "isBestMatch": true
    },
    {
        "id": 2379850,
        "price": "0.05463000",
        "qty": "5.57000000",
        "quoteQty": "0.30428910",
        "time": 1629983005613,
        "isBuyerMaker": true,
        "isBestMatch": true
    },
    {
        "id": 2379851,
        "price": "0.05460000",
        "qty": "5.57000000",
        "quoteQty": "0.30412200",
        "time": 1629983005620,
        "isBuyerMaker": true,
        "isBestMatch": true
    },
    {
        "id": 2379852,
        "price": "0.05460000",
        "qty": "5.57000000",
        "quoteQty": "0.30412200",
        "time": 1629983005640,
        "isBuyerMaker": true,
        "isBestMatch": true
    },
    {
        "id": 2379853,
        "price": "0.05460000",
        "qty": "5.57000000",
        "quoteQty": "0.30412200",
        "time": 1629983005654,
        "isBuyerMaker": true,
        "isBestMatch": true
    },
    {
        "id": 2379854,
        "price": "0.05460000",
        "qty": "7.95000000",
        "quoteQty": "0.43407000",
        "time": 1629983005706,
        "isBuyerMaker": true,
        "isBestMatch": true
    },
    {
        "id": 2379855,
        "price": "0.05461000",
        "qty": "37.47000000",
        "quoteQty": "2.04623670",
        "time": 1629983006030,
        "isBuyerMaker": false,
        "isBestMatch": true
    },
    {
        "id": 2379856,
        "price": "0.05461000",
        "qty": "31.00000000",
        "quoteQty": "1.69291000",
        "time": 1629983006030,
        "isBuyerMaker": false,
        "isBestMatch": true
    },
    {
        "id": 2379857,
        "price": "0.05461000",
        "qty": "31.00000000",
        "quoteQty": "1.69291000",
        "time": 1629983006042,
        "isBuyerMaker": false,
        "isBestMatch": true
    },
    {
        "id": 2379858,
        "price": "0.05462000",
        "qty": "31.00000000",
        "quoteQty": "1.69322000",
        "time": 1629983006059,
        "isBuyerMaker": false,
        "isBestMatch": true
    },
    {
        "id": 2379859,
        "price": "0.05461000",
        "qty": "68.40000000",
        "quoteQty": "3.73532400",
        "time": 1629983006063,
        "isBuyerMaker": true,
        "isBestMatch": true
    },
    {
        "id": 2379860,
        "price": "0.05460000",
        "qty": "12.00000000",
        "quoteQty": "0.65520000",
        "time": 1629983009496,
        "isBuyerMaker": true,
        "isBestMatch": true
    },
    {
        "id": 2379861,
        "price": "0.05460000",
        "qty": "20.40000000",
        "quoteQty": "1.11384000",
        "time": 1629983009501,
        "isBuyerMaker": true,
        "isBestMatch": true
    },
    {
        "id": 2379862,
        "price": "0.05460000",
        "qty": "24.00000000",
        "quoteQty": "1.31040000",
        "time": 1629983009502,
        "isBuyerMaker": true,
        "isBestMatch": true
    },
    {
        "id": 2379863,
        "price": "0.05460000",
        "qty": "21.60000000",
        "quoteQty": "1.17936000",
        "time": 1629983009518,
        "isBuyerMaker": true,
        "isBestMatch": true
    },
    {
        "id": 2379864,
        "price": "0.05460000",
        "qty": "10.80000000",
        "quoteQty": "0.58968000",
        "time": 1629983009547,
        "isBuyerMaker": true,
        "isBestMatch": true
    },
    {
        "id": 2379865,
        "price": "0.05460000",
        "qty": "10.80000000",
        "quoteQty": "0.58968000",
        "time": 1629983009693,
        "isBuyerMaker": true,
        "isBestMatch": true
    },
    {
        "id": 2379866,
        "price": "0.05460000",
        "qty": "10.80000000",
        "quoteQty": "0.58968000",
        "time": 1629983009937,
        "isBuyerMaker": true,
        "isBestMatch": true
    },
    {
        "id": 2379867,
        "price": "0.05460000",
        "qty": "20.40000000",
        "quoteQty": "1.11384000",
        "time": 1629983009992,
        "isBuyerMaker": true,
        "isBestMatch": true
    },
    {
        "id": 2379868,
        "price": "0.05460000",
        "qty": "20.40000000",
        "quoteQty": "1.11384000",
        "time": 1629983010090,
        "isBuyerMaker": true,
        "isBestMatch": true
    },
    {
        "id": 2379869,
        "price": "0.05460000",
        "qty": "10.80000000",
        "quoteQty": "0.58968000",
        "time": 1629983010389,
        "isBuyerMaker": true,
        "isBestMatch": true
    },
    {
        "id": 2379870,
        "price": "0.05460000",
        "qty": "225.89000000",
        "quoteQty": "12.33359400",
        "time": 1629983011376,
        "isBuyerMaker": true,
        "isBestMatch": true
    },
    {
        "id": 2379871,
        "price": "0.05460000",
        "qty": "1.15000000",
        "quoteQty": "0.06279000",
        "time": 1629983021879,
        "isBuyerMaker": true,
        "isBestMatch": true
    },
    {
        "id": 2379872,
        "price": "0.05459000",
        "qty": "2.10000000",
        "quoteQty": "0.11463900",
        "time": 1629983039683,
        "isBuyerMaker": true,
        "isBestMatch": true
    },
    {
        "id": 2379873,
        "price": "0.05459000",
        "qty": "13.50000000",
        "quoteQty": "0.73696500",
        "time": 1629983039683,
        "isBuyerMaker": true,
        "isBestMatch": true
    },
    {
        "id": 2379874,
        "price": "0.05459000",
        "qty": "4.63000000",
        "quoteQty": "0.25275170",
        "time": 1629983039736,
        "isBuyerMaker": true,
        "isBestMatch": true
    },
    {
        "id": 2379875,
        "price": "0.05459000",
        "qty": "12.74000000",
        "quoteQty": "0.69547660",
        "time": 1629983039779,
        "isBuyerMaker": true,
        "isBestMatch": true
    },
    {
        "id": 2379876,
        "price": "0.05459000",
        "qty": "9.18000000",
        "quoteQty": "0.50113620",
        "time": 1629983039896,
        "isBuyerMaker": true,
        "isBestMatch": true
    },
    {
        "id": 2379877,
        "price": "0.05454000",
        "qty": "23.00000000",
        "quoteQty": "1.25442000",
        "time": 1629983047239,
        "isBuyerMaker": true,
        "isBestMatch": true
    },
    {
        "id": 2379878,
        "price": "0.05454000",
        "qty": "13.92000000",
        "quoteQty": "0.75919680",
        "time": 1629983047245,
        "isBuyerMaker": true,
        "isBestMatch": true
    },
    {
        "id": 2379879,
        "price": "0.05452000",
        "qty": "1.00000000",
        "quoteQty": "0.05452000",
        "time": 1629983048251,
        "isBuyerMaker": true,
        "isBestMatch": true
    },
    {
        "id": 2379880,
        "price": "0.05452000",
        "qty": "1.46000000",
        "quoteQty": "0.07959920",
        "time": 1629983048251,
        "isBuyerMaker": true,
        "isBestMatch": true
    },
    {
        "id": 2379881,
        "price": "0.05451000",
        "qty": "3.34000000",
        "quoteQty": "0.18206340",
        "time": 1629983048330,
        "isBuyerMaker": true,
        "isBestMatch": true
    },
    {
        "id": 2379882,
        "price": "0.05451000",
        "qty": "13.17000000",
        "quoteQty": "0.71789670",
        "time": 1629983048330,
        "isBuyerMaker": true,
        "isBestMatch": true
    },
    {
        "id": 2379883,
        "price": "0.05457000",
        "qty": "31.00000000",
        "quoteQty": "1.69167000",
        "time": 1629983051261,
        "isBuyerMaker": false,
        "isBestMatch": true
    },
    {
        "id": 2379884,
        "price": "0.05454000",
        "qty": "36.72000000",
        "quoteQty": "2.00270880",
        "time": 1629983061808,
        "isBuyerMaker": true,
        "isBestMatch": true
    },
    {
        "id": 2379885,
        "price": "0.05451000",
        "qty": "1.82000000",
        "quoteQty": "0.09920820",
        "time": 1629983067987,
        "isBuyerMaker": false,
        "isBestMatch": true
    },
    {
        "id": 2379886,
        "price": "0.05452000",
        "qty": "16.32000000",
        "quoteQty": "0.88976640",
        "time": 1629983070956,
        "isBuyerMaker": true,
        "isBestMatch": true
    },
    {
        "id": 2379887,
        "price": "0.05450000",
        "qty": "2.90000000",
        "quoteQty": "0.15805000",
        "time": 1629983074278,
        "isBuyerMaker": true,
        "isBestMatch": true
    },
    {
        "id": 2379888,
        "price": "0.05450000",
        "qty": "11.00000000",
        "quoteQty": "0.59950000",
        "time": 1629983074278,
        "isBuyerMaker": true,
        "isBestMatch": true
    },
    {
        "id": 2379889,
        "price": "0.05450000",
        "qty": "19.25000000",
        "quoteQty": "1.04912500",
        "time": 1629983074278,
        "isBuyerMaker": true,
        "isBestMatch": true
    },
    {
        "id": 2379890,
        "price": "0.05450000",
        "qty": "0.01000000",
        "quoteQty": "0.00054500",
        "time": 1629983074280,
        "isBuyerMaker": true,
        "isBestMatch": true
    },
    {
        "id": 2379891,
        "price": "0.05449000",
        "qty": "1.80000000",
        "quoteQty": "0.09808200",
        "time": 1629983075859,
        "isBuyerMaker": true,
        "isBestMatch": true
    },
    {
        "id": 2379892,
        "price": "0.05448000",
        "qty": "2.92000000",
        "quoteQty": "0.15908160",
        "time": 1629983075859,
        "isBuyerMaker": true,
        "isBestMatch": true
    },
    {
        "id": 2379893,
        "price": "0.05448000",
        "qty": "20.40000000",
        "quoteQty": "1.11139200",
        "time": 1629983075866,
        "isBuyerMaker": true,
        "isBestMatch": true
    },
    {
        "id": 2379894,
        "price": "0.05448000",
        "qty": "21.61000000",
        "quoteQty": "1.17731280",
        "time": 1629983075870,
        "isBuyerMaker": true,
        "isBestMatch": true
    },
    {
        "id": 2379895,
        "price": "0.05448000",
        "qty": "130.99000000",
        "quoteQty": "7.13633520",
        "time": 1629983075872,
        "isBuyerMaker": true,
        "isBestMatch": true
    },
    {
        "id": 2379896,
        "price": "0.05448000",
        "qty": "78.43000000",
        "quoteQty": "4.27286640",
        "time": 1629983075882,
        "isBuyerMaker": true,
        "isBestMatch": true
    },
    {
        "id": 2379897,
        "price": "0.05448000",
        "qty": "4.00000000",
        "quoteQty": "0.21792000",
        "time": 1629983075903,
        "isBuyerMaker": true,
        "isBestMatch": true
    },
    {
        "id": 2379898,
        "price": "0.05448000",
        "qty": "19.00000000",
        "quoteQty": "1.03512000",
        "time": 1629983075913,
        "isBuyerMaker": true,
        "isBestMatch": true
    },
    {
        "id": 2379899,
        "price": "0.05448000",
        "qty": "19.00000000",
        "quoteQty": "1.03512000",
        "time": 1629983075976,
        "isBuyerMaker": true,
        "isBestMatch": true
    },
    {
        "id": 2379900,
        "price": "0.05448000",
        "qty": "9.00000000",
        "quoteQty": "0.49032000",
        "time": 1629983076004,
        "isBuyerMaker": true,
        "isBestMatch": true
    },
    {
        "id": 2379901,
        "price": "0.05448000",
        "qty": "22.00000000",
        "quoteQty": "1.19856000",
        "time": 1629983076057,
        "isBuyerMaker": true,
        "isBestMatch": true
    },
    {
        "id": 2379902,
        "price": "0.05448000",
        "qty": "4.71000000",
        "quoteQty": "0.25660080",
        "time": 1629983076062,
        "isBuyerMaker": true,
        "isBestMatch": true
    },
    {
        "id": 2379903,
        "price": "0.05448000",
        "qty": "47.61000000",
        "quoteQty": "2.59379280",
        "time": 1629983076062,
        "isBuyerMaker": true,
        "isBestMatch": true
    },
    {
        "id": 2379904,
        "price": "0.05448000",
        "qty": "72.00000000",
        "quoteQty": "3.92256000",
        "time": 1629983076062,
        "isBuyerMaker": true,
        "isBestMatch": true
    },
    {
        "id": 2379905,
        "price": "0.05448000",
        "qty": "24.00000000",
        "quoteQty": "1.30752000",
        "time": 1629983076067,
        "isBuyerMaker": true,
        "isBestMatch": true
    },
    {
        "id": 2379906,
        "price": "0.05448000",
        "qty": "26.40000000",
        "quoteQty": "1.43827200",
        "time": 1629983076072,
        "isBuyerMaker": true,
        "isBestMatch": true
    },
    {
        "id": 2379907,
        "price": "0.05448000",
        "qty": "24.00000000",
        "quoteQty": "1.30752000",
        "time": 1629983076078,
        "isBuyerMaker": true,
        "isBestMatch": true
    },
    {
        "id": 2379908,
        "price": "0.05448000",
        "qty": "24.00000000",
        "quoteQty": "1.30752000",
        "time": 1629983076080,
        "isBuyerMaker": true,
        "isBestMatch": true
    },
    {
        "id": 2379909,
        "price": "0.05448000",
        "qty": "11.38000000",
        "quoteQty": "0.61998240",
        "time": 1629983076084,
        "isBuyerMaker": true,
        "isBestMatch": true
    },
    {
        "id": 2379910,
        "price": "0.05448000",
        "qty": "20.32000000",
        "quoteQty": "1.10703360",
        "time": 1629983076094,
        "isBuyerMaker": true,
        "isBestMatch": true
    },
    {
        "id": 2379911,
        "price": "0.05448000",
        "qty": "24.00000000",
        "quoteQty": "1.30752000",
        "time": 1629983076110,
        "isBuyerMaker": true,
        "isBestMatch": true
    },
    {
        "id": 2379912,
        "price": "0.05448000",
        "qty": "12.00000000",
        "quoteQty": "0.65376000",
        "time": 1629983076113,
        "isBuyerMaker": true,
        "isBestMatch": true
    },
    {
        "id": 2379913,
        "price": "0.05448000",
        "qty": "20.40000000",
        "quoteQty": "1.11139200",
        "time": 1629983076136,
        "isBuyerMaker": true,
        "isBestMatch": true
    },
    {
        "id": 2379914,
        "price": "0.05448000",
        "qty": "26.67000000",
        "quoteQty": "1.45298160",
        "time": 1629983076148,
        "isBuyerMaker": true,
        "isBestMatch": true
    },
    {
        "id": 2379915,
        "price": "0.05448000",
        "qty": "33.85000000",
        "quoteQty": "1.84414800",
        "time": 1629983076150,
        "isBuyerMaker": true,
        "isBestMatch": true
    },
    {
        "id": 2379916,
        "price": "0.05448000",
        "qty": "21.60000000",
        "quoteQty": "1.17676800",
        "time": 1629983076152,
        "isBuyerMaker": true,
        "isBestMatch": true
    },
    {
        "id": 2379917,
        "price": "0.05448000",
        "qty": "22.80000000",
        "quoteQty": "1.24214400",
        "time": 1629983076158,
        "isBuyerMaker": true,
        "isBestMatch": true
    },
    {
        "id": 2379918,
        "price": "0.05448000",
        "qty": "22.80000000",
        "quoteQty": "1.24214400",
        "time": 1629983076210,
        "isBuyerMaker": true,
        "isBestMatch": true
    },
    {
        "id": 2379919,
        "price": "0.05448000",
        "qty": "25.86000000",
        "quoteQty": "1.40885280",
        "time": 1629983076235,
        "isBuyerMaker": true,
        "isBestMatch": true
    },
    {
        "id": 2379920,
        "price": "0.05448000",
        "qty": "20.40000000",
        "quoteQty": "1.11139200",
        "time": 1629983076247,
        "isBuyerMaker": true,
        "isBestMatch": true
    },
    {
        "id": 2379921,
        "price": "0.05448000",
        "qty": "11.95000000",
        "quoteQty": "0.65103600",
        "time": 1629983076378,
        "isBuyerMaker": true,
        "isBestMatch": true
    },
    {
        "id": 2379922,
        "price": "0.05445000",
        "qty": "0.92000000",
        "quoteQty": "0.05009400",
        "time": 1629983112554,
        "isBuyerMaker": true,
        "isBestMatch": true
    },
    {
        "id": 2379923,
        "price": "0.05444000",
        "qty": "1.90000000",
        "quoteQty": "0.10343600",
        "time": 1629983112563,
        "isBuyerMaker": true,
        "isBestMatch": true
    },
    {
        "id": 2379924,
        "price": "0.05449000",
        "qty": "2.78000000",
        "quoteQty": "0.15148220",
        "time": 1629983119044,
        "isBuyerMaker": true,
        "isBestMatch": true
    },
    {
        "id": 2379925,
        "price": "0.05448000",
        "qty": "14.88000000",
        "quoteQty": "0.81066240",
        "time": 1629983128656,
        "isBuyerMaker": true,
        "isBestMatch": true
    },
    {
        "id": 2379926,
        "price": "0.05446000",
        "qty": "1.47000000",
        "quoteQty": "0.08005620",
        "time": 1629983156685,
        "isBuyerMaker": true,
        "isBestMatch": true
    },
    {
        "id": 2379927,
        "price": "0.05445000",
        "qty": "23.61000000",
        "quoteQty": "1.28556450",
        "time": 1629983158878,
        "isBuyerMaker": true,
        "isBestMatch": true
    },
    {
        "id": 2379928,
        "price": "0.05445000",
        "qty": "16.55000000",
        "quoteQty": "0.90114750",
        "time": 1629983159033,
        "isBuyerMaker": true,
        "isBestMatch": true
    },
    {
        "id": 2379929,
        "price": "0.05445000",
        "qty": "0.01000000",
        "quoteQty": "0.00054450",
        "time": 1629983159035,
        "isBuyerMaker": true,
        "isBestMatch": true
    },
    {
        "id": 2379930,
        "price": "0.05447000",
        "qty": "248.00000000",
        "quoteQty": "13.50856000",
        "time": 1629983168764,
        "isBuyerMaker": false,
        "isBestMatch": true
    },
    {
        "id": 2379931,
        "price": "0.05447000",
        "qty": "182.61000000",
        "quoteQty": "9.94676670",
        "time": 1629983168774,
        "isBuyerMaker": false,
        "isBestMatch": true
    },
    {
        "id": 2379932,
        "price": "0.05450000",
        "qty": "1.15000000",
        "quoteQty": "0.06267500",
        "time": 1629983170604,
        "isBuyerMaker": false,
        "isBestMatch": true
    },
    {
        "id": 2379933,
        "price": "0.05450000",
        "qty": "131.56000000",
        "quoteQty": "7.17002000",
        "time": 1629983176065,
        "isBuyerMaker": false,
        "isBestMatch": true
    },
    {
        "id": 2379934,
        "price": "0.05450000",
        "qty": "248.00000000",
        "quoteQty": "13.51600000",
        "time": 1629983176082,
        "isBuyerMaker": false,
        "isBestMatch": true
    },
    {
        "id": 2379935,
        "price": "0.05450000",
        "qty": "51.33000000",
        "quoteQty": "2.79748500",
        "time": 1629983179591,
        "isBuyerMaker": false,
        "isBestMatch": true
    },
    {
        "id": 2379936,
        "price": "0.05450000",
        "qty": "105.72000000",
        "quoteQty": "5.76174000",
        "time": 1629983179600,
        "isBuyerMaker": false,
        "isBestMatch": true
    },
    {
        "id": 2379937,
        "price": "0.05450000",
        "qty": "31.00000000",
        "quoteQty": "1.68950000",
        "time": 1629983182558,
        "isBuyerMaker": true,
        "isBestMatch": true
    },
    {
        "id": 2379938,
        "price": "0.05453000",
        "qty": "34.00000000",
        "quoteQty": "1.85402000",
        "time": 1629983197142,
        "isBuyerMaker": false,
        "isBestMatch": true
    },
    {
        "id": 2379939,
        "price": "0.05453000",
        "qty": "7.01000000",
        "quoteQty": "0.38225530",
        "time": 1629983197142,
        "isBuyerMaker": false,
        "isBestMatch": true
    },
    {
        "id": 2379940,
        "price": "0.05453000",
        "qty": "34.00000000",
        "quoteQty": "1.85402000",
        "time": 1629983197186,
        "isBuyerMaker": false,
        "isBestMatch": true
    },
    {
        "id": 2379941,
        "price": "0.05453000",
        "qty": "34.00000000",
        "quoteQty": "1.85402000",
        "time": 1629983197243,
        "isBuyerMaker": false,
        "isBestMatch": true
    },
    {
        "id": 2379942,
        "price": "0.05453000",
        "qty": "58.30000000",
        "quoteQty": "3.17909900",
        "time": 1629983198988,
        "isBuyerMaker": false,
        "isBestMatch": true
    },
    {
        "id": 2379943,
        "price": "0.05453000",
        "qty": "15.05000000",
        "quoteQty": "0.82067650",
        "time": 1629983199088,
        "isBuyerMaker": false,
        "isBestMatch": true
    },
    {
        "id": 2379944,
        "price": "0.05453000",
        "qty": "3.74000000",
        "quoteQty": "0.20394220",
        "time": 1629983199192,
        "isBuyerMaker": false,
        "isBestMatch": true
    },
    {
        "id": 2379945,
        "price": "0.05453000",
        "qty": "90.35000000",
        "quoteQty": "4.92678550",
        "time": 1629983201088,
        "isBuyerMaker": false,
        "isBestMatch": true
    },
    {
        "id": 2379946,
        "price": "0.05453000",
        "qty": "112.02000000",
        "quoteQty": "6.10845060",
        "time": 1629983201095,
        "isBuyerMaker": false,
        "isBestMatch": true
    },
    {
        "id": 2379947,
        "price": "0.05453000",
        "qty": "326.51000000",
        "quoteQty": "17.80459030",
        "time": 1629983201096,
        "isBuyerMaker": false,
        "isBestMatch": true
    },
    {
        "id": 2379948,
        "price": "0.05457000",
        "qty": "31.00000000",
        "quoteQty": "1.69167000",
        "time": 1629983215982,
        "isBuyerMaker": true,
        "isBestMatch": true
    },
    {
        "id": 2379949,
        "price": "0.05461000",
        "qty": "5.08000000",
        "quoteQty": "0.27741880",
        "time": 1629983215982,
        "isBuyerMaker": false,
        "isBestMatch": true
    },
    {
        "id": 2379950,
        "price": "0.05457000",
        "qty": "31.00000000",
        "quoteQty": "1.69167000",
        "time": 1629983218497,
        "isBuyerMaker": true,
        "isBestMatch": true
    },
    {
        "id": 2379951,
        "price": "0.05456000",
        "qty": "1.80000000",
        "quoteQty": "0.09820800",
        "time": 1629983218596,
        "isBuyerMaker": true,
        "isBestMatch": true
    },
    {
        "id": 2379952,
        "price": "0.05454000",
        "qty": "7.40000000",
        "quoteQty": "0.40359600",
        "time": 1629983220728,
        "isBuyerMaker": true,
        "isBestMatch": true
    },
    {
        "id": 2379953,
        "price": "0.05459000",
        "qty": "12.01000000",
        "quoteQty": "0.65562590",
        "time": 1629983235401,
        "isBuyerMaker": false,
        "isBestMatch": true
    },
    {
        "id": 2379954,
        "price": "0.05459000",
        "qty": "7.86000000",
        "quoteQty": "0.42907740",
        "time": 1629983236083,
        "isBuyerMaker": false,
        "isBestMatch": true
    },
    {
        "id": 2379955,
        "price": "0.05459000",
        "qty": "20.19000000",
        "quoteQty": "1.10217210",
        "time": 1629983236097,
        "isBuyerMaker": false,
        "isBestMatch": true
    },
    {
        "id": 2379956,
        "price": "0.05463000",
        "qty": "1.00000000",
        "quoteQty": "0.05463000",
        "time": 1629983249040,
        "isBuyerMaker": false,
        "isBestMatch": true
    },
    {
        "id": 2379957,
        "price": "0.05465000",
        "qty": "31.00000000",
        "quoteQty": "1.69415000",
        "time": 1629983261339,
        "isBuyerMaker": false,
        "isBestMatch": true
    },
    {
        "id": 2379958,
        "price": "0.05471000",
        "qty": "16.45000000",
        "quoteQty": "0.89997950",
        "time": 1629983284181,
        "isBuyerMaker": false,
        "isBestMatch": true
    },
    {
        "id": 2379959,
        "price": "0.05472000",
        "qty": "19.18000000",
        "quoteQty": "1.04952960",
        "time": 1629983284190,
        "isBuyerMaker": false,
        "isBestMatch": true
    },
    {
        "id": 2379960,
        "price": "0.05475000",
        "qty": "1.00000000",
        "quoteQty": "0.05475000",
        "time": 1629983336068,
        "isBuyerMaker": false,
        "isBestMatch": true
    },
    {
        "id": 2379961,
        "price": "0.05468000",
        "qty": "31.00000000",
        "quoteQty": "1.69508000",
        "time": 1629983357809,
        "isBuyerMaker": true,
        "isBestMatch": true
    },
    {
        "id": 2379962,
        "price": "0.05465000",
        "qty": "14.36000000",
        "quoteQty": "0.78477400",
        "time": 1629983357833,
        "isBuyerMaker": true,
        "isBestMatch": true
    },
    {
        "id": 2379963,
        "price": "0.05464000",
        "qty": "16.64000000",
        "quoteQty": "0.90920960",
        "time": 1629983357833,
        "isBuyerMaker": true,
        "isBestMatch": true
    },
    {
        "id": 2379964,
        "price": "0.05468000",
        "qty": "31.00000000",
        "quoteQty": "1.69508000",
        "time": 1629983362759,
        "isBuyerMaker": false,
        "isBestMatch": true
    },
    {
        "id": 2379965,
        "price": "0.05468000",
        "qty": "1.12000000",
        "quoteQty": "0.06124160",
        "time": 1629983362759,
        "isBuyerMaker": false,
        "isBestMatch": true
    },
    {
        "id": 2379966,
        "price": "0.05469000",
        "qty": "40.92000000",
        "quoteQty": "2.23791480",
        "time": 1629983362759,
        "isBuyerMaker": false,
        "isBestMatch": true
    },
    {
        "id": 2379967,
        "price": "0.05464000",
        "qty": "78.20000000",
        "quoteQty": "4.27284800",
        "time": 1629983365647,
        "isBuyerMaker": true,
        "isBestMatch": true
    },
    {
        "id": 2379968,
        "price": "0.05464000",
        "qty": "88.00000000",
        "quoteQty": "4.80832000",
        "time": 1629983365662,
        "isBuyerMaker": true,
        "isBestMatch": true
    },
    {
        "id": 2379969,
        "price": "0.05464000",
        "qty": "9.00000000",
        "quoteQty": "0.49176000",
        "time": 1629983365911,
        "isBuyerMaker": true,
        "isBestMatch": true
    },
    {
        "id": 2379970,
        "price": "0.05464000",
        "qty": "124.00000000",
        "quoteQty": "6.77536000",
        "time": 1629983365925,
        "isBuyerMaker": true,
        "isBestMatch": true
    },
    {
        "id": 2379971,
        "price": "0.05464000",
        "qty": "124.00000000",
        "quoteQty": "6.77536000",
        "time": 1629983365925,
        "isBuyerMaker": true,
        "isBestMatch": true
    },
    {
        "id": 2379972,
        "price": "0.05464000",
        "qty": "76.84000000",
        "quoteQty": "4.19853760",
        "time": 1629983365932,
        "isBuyerMaker": true,
        "isBestMatch": true
    },
    {
        "id": 2379973,
        "price": "0.05464000",
        "qty": "34.70000000",
        "quoteQty": "1.89600800",
        "time": 1629983365933,
        "isBuyerMaker": true,
        "isBestMatch": true
    },
    {
        "id": 2379974,
        "price": "0.05467000",
        "qty": "8.58000000",
        "quoteQty": "0.46906860",
        "time": 1629983367311,
        "isBuyerMaker": false,
        "isBestMatch": true
    },
    {
        "id": 2379975,
        "price": "0.05461000",
        "qty": "7.20000000",
        "quoteQty": "0.39319200",
        "time": 1629983369708,
        "isBuyerMaker": true,
        "isBestMatch": true
    },
    {
        "id": 2379976,
        "price": "0.05461000",
        "qty": "10.39000000",
        "quoteQty": "0.56739790",
        "time": 1629983369810,
        "isBuyerMaker": true,
        "isBestMatch": true
    },
    {
        "id": 2379977,
        "price": "0.05461000",
        "qty": "20.00000000",
        "quoteQty": "1.09220000",
        "time": 1629983369835,
        "isBuyerMaker": true,
        "isBestMatch": true
    },
    {
        "id": 2379978,
        "price": "0.05461000",
        "qty": "63.07000000",
        "quoteQty": "3.44425270",
        "time": 1629983370330,
        "isBuyerMaker": true,
        "isBestMatch": true
    },
    {
        "id": 2379979,
        "price": "0.05461000",
        "qty": "42.04000000",
        "quoteQty": "2.29580440",
        "time": 1629983370455,
        "isBuyerMaker": true,
        "isBestMatch": true
    },
    {
        "id": 2379980,
        "price": "0.05461000",
        "qty": "42.04000000",
        "quoteQty": "2.29580440",
        "time": 1629983370653,
        "isBuyerMaker": true,
        "isBestMatch": true
    },
    {
        "id": 2379981,
        "price": "0.05461000",
        "qty": "50.94000000",
        "quoteQty": "2.78183340",
        "time": 1629983370897,
        "isBuyerMaker": true,
        "isBestMatch": true
    },
    {
        "id": 2379982,
        "price": "0.05461000",
        "qty": "49.31000000",
        "quoteQty": "2.69281910",
        "time": 1629983370940,
        "isBuyerMaker": true,
        "isBestMatch": true
    },
    {
        "id": 2379983,
        "price": "0.05461000",
        "qty": "81.43000000",
        "quoteQty": "4.44689230",
        "time": 1629983374994,
        "isBuyerMaker": true,
        "isBestMatch": true
    },
    {
        "id": 2379984,
        "price": "0.05461000",
        "qty": "2.67000000",
        "quoteQty": "0.14580870",
        "time": 1629983375051,
        "isBuyerMaker": true,
        "isBestMatch": true
    },
    {
        "id": 2379985,
        "price": "0.05461000",
        "qty": "83.26000000",
        "quoteQty": "4.54682860",
        "time": 1629983375397,
        "isBuyerMaker": true,
        "isBestMatch": true
    },
    {
        "id": 2379986,
        "price": "0.05461000",
        "qty": "47.63000000",
        "quoteQty": "2.60107430",
        "time": 1629983375444,
        "isBuyerMaker": true,
        "isBestMatch": true
    },
    {
        "id": 2379987,
        "price": "0.05461000",
        "qty": "9.00000000",
        "quoteQty": "0.49149000",
        "time": 1629983378591,
        "isBuyerMaker": true,
        "isBestMatch": true
    },
    {
        "id": 2379988,
        "price": "0.05461000",
        "qty": "18.27000000",
        "quoteQty": "0.99772470",
        "time": 1629983378600,
        "isBuyerMaker": true,
        "isBestMatch": true
    },
    {
        "id": 2379989,
        "price": "0.05461000",
        "qty": "190.37000000",
        "quoteQty": "10.39610570",
        "time": 1629983379891,
        "isBuyerMaker": true,
        "isBestMatch": true
    },
    {
        "id": 2379990,
        "price": "0.05461000",
        "qty": "83.08000000",
        "quoteQty": "4.53699880",
        "time": 1629983379892,
        "isBuyerMaker": true,
        "isBestMatch": true
    },
    {
        "id": 2379991,
        "price": "0.05464000",
        "qty": "1.84000000",
        "quoteQty": "0.10053760",
        "time": 1629983381951,
        "isBuyerMaker": false,
        "isBestMatch": true
    },
    {
        "id": 2379992,
        "price": "0.05458000",
        "qty": "20.00000000",
        "quoteQty": "1.09160000",
        "time": 1629983383103,
