[
    {
        "id": 29362467,
        "price": "0.00051980",
        "qty": "0.30000000",
        "quoteQty": "0.00015594",
        "time": 1629986331388,
        "isBuyerMaker": true,
        "isBestMatch": true
    },
    {
        "id": 29362468,
        "price": "0.00051970",
        "qty": "52.66000000",
        "quoteQty": "0.02736740",
        "time": 1629986331462,
        "isBuyerMaker": true,
        "isBestMatch": true
    },
    {
        "id": 29362469,
        "price": "0.00051970",
        "qty": "0.32000000",
        "quoteQty": "0.00016630",
        "time": 1629986331462,
        "isBuyerMaker": true,
        "isBestMatch": true
    },
    {
        "id": 29362470,
        "price": "0.00051980",
        "qty": "15.87000000",
        "quoteQty": "0.00824922",
        "time": 1629986331656,
        "isBuyerMaker": true,
        "isBestMatch": true
    },
    {
        "id": 29362471,
        "price": "0.00051990",
        "qty": "0.20000000",
        "quoteQty": "0.00010398",
        "time": 1629986333748,
        "isBuyerMaker": false,
        "isBestMatch": true
    },
    {
        "id": 29362472,
        "price": "0.00051990",
        "qty": "0.38000000",
        "quoteQty": "0.00019756",
        "time": 1629986333748,
        "isBuyerMaker": false,
        "isBestMatch": true
    },
    {
        "id": 29362473,
        "price": "0.00051980",
        "qty": "0.40000000",
        "quoteQty": "0.00020792",
        "time": 1629986334362,
        "isBuyerMaker": false,
        "isBestMatch": true
    },
    {
        "id": 29362474,
        "price": "0.00052000",
        "qty": "0.80000000",
        "quoteQty": "0.00041600",
        "time": 1629986334362,
        "isBuyerMaker": false,
        "isBestMatch": true
    },
    {
        "id": 29362475,
        "price": "0.00051970",
        "qty": "0.30000000",
        "quoteQty": "0.00015591",
        "time": 1629986334650,
        "isBuyerMaker": true,
        "isBestMatch": true
    },
    {
        "id": 29362476,
        "price": "0.00051980",
        "qty": "0.77000000",
        "quoteQty": "0.00040024",
        "time": 1629986335714,
        "isBuyerMaker": false,
        "isBestMatch": true
    },
    {
        "id": 29362477,
        "price": "0.00051980",
        "qty": "1.00000000",
        "quoteQty": "0.00051980",
        "time": 1629986335816,
        "isBuyerMaker": false,
        "isBestMatch": true
    },
    {
        "id": 29362478,
        "price": "0.00051970",
        "qty": "0.30000000",
        "quoteQty": "0.00015591",
        "time": 1629986336719,
        "isBuyerMaker": true,
        "isBestMatch": true
    },
    {
        "id": 29362479,
        "price": "0.00051970",
        "qty": "0.20000000",
        "quoteQty": "0.00010394",
        "time": 1629986338260,
        "isBuyerMaker": false,
        "isBestMatch": true
    },
    {
        "id": 29362480,
        "price": "0.00051970",
        "qty": "0.40000000",
        "quoteQty": "0.00020788",
        "time": 1629986338567,
        "isBuyerMaker": false,
        "isBestMatch": true
    },
    {
        "id": 29362481,
        "price": "0.00051980",
        "qty": "69.40000000",
        "quoteQty": "0.03607412",
        "time": 1629986339932,
        "isBuyerMaker": false,
        "isBestMatch": true
    },
    {
        "id": 29362482,
        "price": "0.00052010",
        "qty": "0.58000000",
        "quoteQty": "0.00030165",
        "time": 1629986341023,
        "isBuyerMaker": false,
        "isBestMatch": true
    },
    {
        "id": 29362483,
        "price": "0.00052010",
        "qty": "0.57000000",
        "quoteQty": "0.00029645",
        "time": 1629986342517,
        "isBuyerMaker": false,
        "isBestMatch": true
    },
    {
        "id": 29362484,
        "price": "0.00052020",
        "qty": "6.85000000",
        "quoteQty": "0.00356337",
        "time": 1629986345579,
        "isBuyerMaker": false,
        "isBestMatch": true
    },
    {
        "id": 29362485,
        "price": "0.00052040",
        "qty": "59.32000000",
        "quoteQty": "0.03087012",
        "time": 1629986346467,
        "isBuyerMaker": false,
        "isBestMatch": true
    },
    {
        "id": 29362486,
        "price": "0.00052070",
        "qty": "2.88000000",
        "quoteQty": "0.00149961",
        "time": 1629986346790,
        "isBuyerMaker": false,
        "isBestMatch": true
    },
    {
        "id": 29362487,
        "price": "0.00052040",
        "qty": "39.34000000",
        "quoteQty": "0.02047253",
        "time": 1629986347597,
        "isBuyerMaker": true,
        "isBestMatch": true
    },
    {
        "id": 29362488,
        "price": "0.00052050",
        "qty": "0.30000000",
        "quoteQty": "0.00015615",
        "time": 1629986347774,
        "isBuyerMaker": true,
        "isBestMatch": true
    },
    {
        "id": 29362489,
        "price": "0.00052060",
        "qty": "7.10000000",
        "quoteQty": "0.00369626",
        "time": 1629986347827,
        "isBuyerMaker": false,
        "isBestMatch": true
    },
    {
        "id": 29362490,
        "price": "0.00052050",
        "qty": "0.30000000",
        "quoteQty": "0.00015615",
        "time": 1629986348449,
        "isBuyerMaker": true,
        "isBestMatch": true
    },
    {
        "id": 29362491,
        "price": "0.00052050",
        "qty": "0.60000000",
        "quoteQty": "0.00031230",
        "time": 1629986349042,
        "isBuyerMaker": false,
        "isBestMatch": true
    },
    {
        "id": 29362492,
        "price": "0.00052050",
        "qty": "58.00000000",
        "quoteQty": "0.03018900",
        "time": 1629986349042,
        "isBuyerMaker": false,
        "isBestMatch": true
    },
    {
        "id": 29362493,
        "price": "0.00052060",
        "qty": "6.14000000",
        "quoteQty": "0.00319648",
        "time": 1629986349042,
        "isBuyerMaker": false,
        "isBestMatch": true
    },
    {
        "id": 29362494,
        "price": "0.00052070",
        "qty": "412.00000000",
        "quoteQty": "0.21452840",
        "time": 1629986349042,
        "isBuyerMaker": false,
        "isBestMatch": true
    },
    {
        "id": 29362495,
        "price": "0.00052020",
        "qty": "0.30000000",
        "quoteQty": "0.00015606",
        "time": 1629986350082,
        "isBuyerMaker": true,
        "isBestMatch": true
    },
    {
        "id": 29362496,
        "price": "0.00052020",
        "qty": "10.34000000",
        "quoteQty": "0.00537886",
        "time": 1629986350082,
        "isBuyerMaker": true,
        "isBestMatch": true
    },
    {
        "id": 29362497,
        "price": "0.00052020",
        "qty": "10.45000000",
        "quoteQty": "0.00543609",
        "time": 1629986350169,
        "isBuyerMaker": true,
        "isBestMatch": true
    },
    {
        "id": 29362498,
        "price": "0.00052020",
        "qty": "0.30000000",
        "quoteQty": "0.00015606",
        "time": 1629986350169,
        "isBuyerMaker": true,
        "isBestMatch": true
    },
    {
        "id": 29362499,
        "price": "0.00052020",
        "qty": "10.26000000",
        "quoteQty": "0.00533725",
        "time": 1629986350566,
        "isBuyerMaker": true,
        "isBestMatch": true
    },
    {
        "id": 29362500,
        "price": "0.00052020",
        "qty": "61.69000000",
        "quoteQty": "0.03209113",
        "time": 1629986350566,
        "isBuyerMaker": true,
        "isBestMatch": true
    },
    {
        "id": 29362501,
        "price": "0.00052020",
        "qty": "10.07000000",
        "quoteQty": "0.00523841",
        "time": 1629986350667,
        "isBuyerMaker": true,
        "isBestMatch": true
    },
    {
        "id": 29362502,
        "price": "0.00052020",
        "qty": "9.97000000",
        "quoteQty": "0.00518639",
        "time": 1629986350767,
        "isBuyerMaker": true,
        "isBestMatch": true
    },
    {
        "id": 29362503,
        "price": "0.00052020",
        "qty": "9.77000000",
        "quoteQty": "0.00508235",
        "time": 1629986350869,
        "isBuyerMaker": true,
        "isBestMatch": true
    },
    {
        "id": 29362504,
        "price": "0.00052050",
        "qty": "0.30000000",
        "quoteQty": "0.00015615",
        "time": 1629986350976,
        "isBuyerMaker": false,
        "isBestMatch": true
    },
    {
        "id": 29362505,
        "price": "0.00052060",
        "qty": "0.86000000",
        "quoteQty": "0.00044771",
        "time": 1629986350976,
        "isBuyerMaker": false,
        "isBestMatch": true
    },
    {
        "id": 29362506,
        "price": "0.00052050",
        "qty": "0.30000000",
        "quoteQty": "0.00015615",
        "time": 1629986351617,
        "isBuyerMaker": false,
        "isBestMatch": true
    },
    {
        "id": 29362507,
        "price": "0.00052060",
        "qty": "0.66000000",
        "quoteQty": "0.00034359",
        "time": 1629986351617,
        "isBuyerMaker": false,
        "isBestMatch": true
    },
    {
        "id": 29362508,
        "price": "0.00052030",
        "qty": "0.30000000",
        "quoteQty": "0.00015609",
        "time": 1629986352392,
        "isBuyerMaker": true,
        "isBestMatch": true
    },
    {
        "id": 29362509,
        "price": "0.00052030",
        "qty": "16.67000000",
        "quoteQty": "0.00867340",
        "time": 1629986352392,
        "isBuyerMaker": true,
        "isBestMatch": true
    },
    {
        "id": 29362510,
        "price": "0.00052030",
        "qty": "0.20000000",
        "quoteQty": "0.00010406",
        "time": 1629986354259,
        "isBuyerMaker": false,
        "isBestMatch": true
    },
    {
        "id": 29362511,
        "price": "0.00052040",
        "qty": "16.46000000",
        "quoteQty": "0.00856578",
        "time": 1629986354259,
        "isBuyerMaker": false,
        "isBestMatch": true
    },
    {
        "id": 29362512,
        "price": "0.00052020",
        "qty": "0.30000000",
        "quoteQty": "0.00015606",
        "time": 1629986354264,
        "isBuyerMaker": true,
        "isBestMatch": true
    },
    {
        "id": 29362513,
        "price": "0.00052020",
        "qty": "8.96000000",
        "quoteQty": "0.00466099",
        "time": 1629986354264,
        "isBuyerMaker": true,
        "isBestMatch": true
    },
    {
        "id": 29362514,
        "price": "0.00052020",
        "qty": "7.71000000",
        "quoteQty": "0.00401074",
        "time": 1629986354267,
        "isBuyerMaker": true,
        "isBestMatch": true
    },
    {
        "id": 29362515,
        "price": "0.00052020",
        "qty": "0.40000000",
        "quoteQty": "0.00020808",
        "time": 1629986355698,
        "isBuyerMaker": false,
        "isBestMatch": true
    },
    {
        "id": 29362516,
        "price": "0.00052030",
        "qty": "0.38000000",
        "quoteQty": "0.00019771",
        "time": 1629986355698,
        "isBuyerMaker": false,
        "isBestMatch": true
    },
    {
        "id": 29362517,
        "price": "0.00052010",
        "qty": "0.30000000",
        "quoteQty": "0.00015603",
        "time": 1629986356672,
        "isBuyerMaker": true,
        "isBestMatch": true
    },
    {
        "id": 29362518,
        "price": "0.00052010",
        "qty": "0.48000000",
        "quoteQty": "0.00024964",
        "time": 1629986356672,
        "isBuyerMaker": true,
        "isBestMatch": true
    },
    {
        "id": 29362519,
        "price": "0.00052010",
        "qty": "8.68000000",
        "quoteQty": "0.00451446",
        "time": 1629986356672,
        "isBuyerMaker": true,
        "isBestMatch": true
    },
    {
        "id": 29362520,
        "price": "0.00052000",
        "qty": "0.21000000",
        "quoteQty": "0.00010920",
        "time": 1629986357371,
        "isBuyerMaker": true,
        "isBestMatch": true
    },
    {
        "id": 29362521,
        "price": "0.00052000",
        "qty": "58.00000000",
        "quoteQty": "0.03016000",
        "time": 1629986357371,
        "isBuyerMaker": true,
        "isBestMatch": true
    },
    {
        "id": 29362522,
        "price": "0.00052000",
        "qty": "8.56000000",
        "quoteQty": "0.00445120",
        "time": 1629986357371,
        "isBuyerMaker": true,
        "isBestMatch": true
    },
    {
        "id": 29362523,
        "price": "0.00052000",
        "qty": "38.45000000",
        "quoteQty": "0.01999400",
        "time": 1629986357371,
        "isBuyerMaker": true,
        "isBestMatch": true
    },
    {
        "id": 29362524,
        "price": "0.00051990",
        "qty": "45.05000000",
        "quoteQty": "0.02342149",
        "time": 1629986357467,
        "isBuyerMaker": true,
        "isBestMatch": true
    },
    {
        "id": 29362525,
        "price": "0.00052010",
        "qty": "0.30000000",
        "quoteQty": "0.00015603",
        "time": 1629986360031,
        "isBuyerMaker": false,
        "isBestMatch": true
    },
    {
        "id": 29362526,
        "price": "0.00052030",
        "qty": "0.47000000",
        "quoteQty": "0.00024454",
        "time": 1629986360031,
        "isBuyerMaker": false,
        "isBestMatch": true
    },
    {
        "id": 29362527,
        "price": "0.00052040",
        "qty": "0.57000000",
        "quoteQty": "0.00029662",
        "time": 1629986367035,
        "isBuyerMaker": false,
        "isBestMatch": true
    },
    {
        "id": 29362528,
        "price": "0.00052010",
        "qty": "0.30000000",
        "quoteQty": "0.00015603",
        "time": 1629986372017,
        "isBuyerMaker": true,
        "isBestMatch": true
    },
    {
        "id": 29362529,
        "price": "0.00052000",
        "qty": "8.67000000",
        "quoteQty": "0.00450840",
        "time": 1629986372017,
        "isBuyerMaker": true,
        "isBestMatch": true
    },
    {
        "id": 29362530,
        "price": "0.00052000",
        "qty": "49.15000000",
        "quoteQty": "0.02555800",
        "time": 1629986372017,
        "isBuyerMaker": true,
        "isBestMatch": true
    },
    {
        "id": 29362531,
        "price": "0.00052010",
        "qty": "0.30000000",
        "quoteQty": "0.00015603",
        "time": 1629986380581,
        "isBuyerMaker": true,
        "isBestMatch": true
    },
    {
        "id": 29362532,
        "price": "0.00052010",
        "qty": "27.43000000",
        "quoteQty": "0.01426634",
        "time": 1629986380581,
        "isBuyerMaker": true,
        "isBestMatch": true
    },
    {
        "id": 29362533,
        "price": "0.00052010",
        "qty": "8.30000000",
        "quoteQty": "0.00431683",
        "time": 1629986380779,
        "isBuyerMaker": true,
        "isBestMatch": true
    },
    {
        "id": 29362534,
        "price": "0.00052010",
        "qty": "2.49000000",
        "quoteQty": "0.00129504",
        "time": 1629986380879,
        "isBuyerMaker": true,
        "isBestMatch": true
    },
    {
        "id": 29362535,
        "price": "0.00052020",
        "qty": "0.20000000",
        "quoteQty": "0.00010404",
        "time": 1629986382276,
        "isBuyerMaker": false,
        "isBestMatch": true
    },
    {
        "id": 29362536,
        "price": "0.00052010",
        "qty": "0.30000000",
        "quoteQty": "0.00015603",
        "time": 1629986387869,
        "isBuyerMaker": true,
        "isBestMatch": true
    },
    {
        "id": 29362537,
        "price": "0.00052000",
        "qty": "0.60000000",
        "quoteQty": "0.00031200",
        "time": 1629986390768,
        "isBuyerMaker": false,
        "isBestMatch": true
    },
    {
        "id": 29362538,
        "price": "0.00052000",
        "qty": "0.10000000",
        "quoteQty": "0.00005200",
        "time": 1629986391588,
        "isBuyerMaker": false,
        "isBestMatch": true
    },
    {
        "id": 29362539,
        "price": "0.00052020",
        "qty": "20.90000000",
        "quoteQty": "0.01087218",
        "time": 1629986391588,
        "isBuyerMaker": false,
        "isBestMatch": true
    },
    {
        "id": 29362540,
        "price": "0.00052020",
        "qty": "0.22000000",
        "quoteQty": "0.00011444",
        "time": 1629986392132,
        "isBuyerMaker": false,
        "isBestMatch": true
    },
    {
        "id": 29362541,
        "price": "0.00052030",
        "qty": "0.83000000",
        "quoteQty": "0.00043184",
        "time": 1629986392132,
        "isBuyerMaker": false,
        "isBestMatch": true
    },
    {
        "id": 29362542,
        "price": "0.00052020",
        "qty": "18.07000000",
        "quoteQty": "0.00940001",
        "time": 1629986396660,
        "isBuyerMaker": true,
        "isBestMatch": true
    },
    {
        "id": 29362543,
        "price": "0.00052030",
        "qty": "0.30000000",
        "quoteQty": "0.00015609",
        "time": 1629986396964,
        "isBuyerMaker": true,
        "isBestMatch": true
    },
    {
        "id": 29362544,
        "price": "0.00052020",
        "qty": "42.23000000",
        "quoteQty": "0.02196804",
        "time": 1629986396964,
        "isBuyerMaker": true,
        "isBestMatch": true
    },
    {
        "id": 29362545,
        "price": "0.00052020",
        "qty": "84.98000000",
        "quoteQty": "0.04420659",
        "time": 1629986396969,
        "isBuyerMaker": true,
        "isBestMatch": true
    },
    {
        "id": 29362546,
        "price": "0.00052030",
        "qty": "0.30000000",
        "quoteQty": "0.00015609",
        "time": 1629986402080,
        "isBuyerMaker": true,
        "isBestMatch": true
    },
    {
        "id": 29362547,
        "price": "0.00052010",
        "qty": "4.19000000",
        "quoteQty": "0.00217921",
        "time": 1629986403990,
        "isBuyerMaker": true,
        "isBestMatch": true
    },
    {
        "id": 29362548,
        "price": "0.00051990",
        "qty": "48.54000000",
        "quoteQty": "0.02523594",
        "time": 1629986406094,
        "isBuyerMaker": true,
        "isBestMatch": true
    },
    {
        "id": 29362549,
        "price": "0.00051990",
        "qty": "12.02000000",
        "quoteQty": "0.00624919",
        "time": 1629986406197,
        "isBuyerMaker": true,
        "isBestMatch": true
    },
    {
        "id": 29362550,
        "price": "0.00052000",
        "qty": "0.20000000",
        "quoteQty": "0.00010400",
        "time": 1629986406715,
        "isBuyerMaker": false,
        "isBestMatch": true
    },
    {
        "id": 29362551,
        "price": "0.00052030",
        "qty": "0.37000000",
        "quoteQty": "0.00019251",
        "time": 1629986406715,
        "isBuyerMaker": false,
        "isBestMatch": true
    },
    {
        "id": 29362552,
        "price": "0.00052000",
        "qty": "0.40000000",
        "quoteQty": "0.00020800",
        "time": 1629986408979,
        "isBuyerMaker": false,
        "isBestMatch": true
    },
    {
        "id": 29362553,
        "price": "0.00052010",
        "qty": "0.22000000",
        "quoteQty": "0.00011442",
        "time": 1629986409243,
        "isBuyerMaker": false,
        "isBestMatch": true
    },
    {
        "id": 29362554,
        "price": "0.00052010",
        "qty": "0.96000000",
        "quoteQty": "0.00049929",
        "time": 1629986409731,
        "isBuyerMaker": false,
        "isBestMatch": true
    },
    {
        "id": 29362555,
        "price": "0.00052030",
        "qty": "2.10000000",
        "quoteQty": "0.00109263",
        "time": 1629986415942,
        "isBuyerMaker": false,
        "isBestMatch": true
    },
    {
        "id": 29362556,
        "price": "0.00052030",
        "qty": "0.98000000",
        "quoteQty": "0.00050989",
        "time": 1629986416929,
        "isBuyerMaker": false,
        "isBestMatch": true
    },
    {
        "id": 29362557,
        "price": "0.00051990",
        "qty": "0.30000000",
        "quoteQty": "0.00015597",
        "time": 1629986418896,
        "isBuyerMaker": true,
        "isBestMatch": true
    },
    {
        "id": 29362558,
        "price": "0.00051990",
        "qty": "0.25000000",
        "quoteQty": "0.00012997",
        "time": 1629986418896,
        "isBuyerMaker": true,
        "isBestMatch": true
    },
    {
        "id": 29362559,
        "price": "0.00051990",
        "qty": "6.47000000",
        "quoteQty": "0.00336375",
        "time": 1629986418896,
        "isBuyerMaker": true,
        "isBestMatch": true
    },
    {
        "id": 29362560,
        "price": "0.00052000",
        "qty": "0.30000000",
        "quoteQty": "0.00015600",
        "time": 1629986419701,
        "isBuyerMaker": true,
        "isBestMatch": true
    },
    {
        "id": 29362561,
        "price": "0.00052000",
        "qty": "1.79000000",
        "quoteQty": "0.00093080",
        "time": 1629986419701,
        "isBuyerMaker": true,
        "isBestMatch": true
    },
    {
        "id": 29362562,
        "price": "0.00052010",
        "qty": "0.30000000",
        "quoteQty": "0.00015603",
        "time": 1629986420762,
        "isBuyerMaker": false,
        "isBestMatch": true
    },
    {
        "id": 29362563,
        "price": "0.00052020",
        "qty": "1.00000000",
        "quoteQty": "0.00052020",
        "time": 1629986420762,
        "isBuyerMaker": false,
        "isBestMatch": true
    },
    {
        "id": 29362564,
        "price": "0.00052010",
        "qty": "0.30000000",
        "quoteQty": "0.00015603",
        "time": 1629986423174,
        "isBuyerMaker": false,
        "isBestMatch": true
    },
    {
        "id": 29362565,
        "price": "0.00052030",
        "qty": "0.20000000",
        "quoteQty": "0.00010406",
        "time": 1629986423174,
        "isBuyerMaker": false,
        "isBestMatch": true
    },
    {
        "id": 29362566,
        "price": "0.00052030",
        "qty": "39.51000000",
        "quoteQty": "0.02055705",
        "time": 1629986425687,
        "isBuyerMaker": true,
        "isBestMatch": true
    },
    {
        "id": 29362567,
        "price": "0.00052030",
        "qty": "13.43000000",
        "quoteQty": "0.00698762",
        "time": 1629986426390,
        "isBuyerMaker": true,
        "isBestMatch": true
    },
    {
        "id": 29362568,
        "price": "0.00052040",
        "qty": "13.06000000",
        "quoteQty": "0.00679642",
        "time": 1629986427485,
        "isBuyerMaker": false,
        "isBestMatch": true
    },
    {
        "id": 29362569,
        "price": "0.00052030",
        "qty": "5.06000000",
        "quoteQty": "0.00263271",
        "time": 1629986428387,
        "isBuyerMaker": true,
        "isBestMatch": true
    },
    {
        "id": 29362570,
        "price": "0.00052030",
        "qty": "8.37000000",
        "quoteQty": "0.00435491",
        "time": 1629986428387,
        "isBuyerMaker": true,
        "isBestMatch": true
    },
    {
        "id": 29362571,
        "price": "0.00052030",
        "qty": "22.21000000",
        "quoteQty": "0.01155586",
        "time": 1629986428398,
        "isBuyerMaker": true,
        "isBestMatch": true
    },
    {
        "id": 29362572,
        "price": "0.00052030",
        "qty": "24.56000000",
        "quoteQty": "0.01277856",
        "time": 1629986428403,
        "isBuyerMaker": true,
        "isBestMatch": true
    },
    {
        "id": 29362573,
        "price": "0.00052040",
        "qty": "0.37000000",
        "quoteQty": "0.00019254",
        "time": 1629986428947,
        "isBuyerMaker": false,
        "isBestMatch": true
    },
    {
        "id": 29362574,
        "price": "0.00052080",
        "qty": "1.64000000",
        "quoteQty": "0.00085411",
        "time": 1629986428947,
        "isBuyerMaker": false,
        "isBestMatch": true
    },
    {
        "id": 29362575,
        "price": "0.00052030",
        "qty": "0.80000000",
        "quoteQty": "0.00041624",
        "time": 1629986428949,
        "isBuyerMaker": true,
        "isBestMatch": true
    },
    {
        "id": 29362576,
        "price": "0.00052070",
        "qty": "0.30000000",
        "quoteQty": "0.00015621",
        "time": 1629986429044,
        "isBuyerMaker": true,
        "isBestMatch": true
    },
    {
        "id": 29362577,
        "price": "0.00052060",
        "qty": "8.43000000",
        "quoteQty": "0.00438865",
        "time": 1629986429044,
        "isBuyerMaker": true,
        "isBestMatch": true
    },
    {
        "id": 29362578,
        "price": "0.00052070",
        "qty": "0.30000000",
        "quoteQty": "0.00015621",
        "time": 1629986429135,
        "isBuyerMaker": true,
        "isBestMatch": true
    },
    {
        "id": 29362579,
        "price": "0.00052060",
        "qty": "0.30000000",
        "quoteQty": "0.00015618",
        "time": 1629986429135,
        "isBuyerMaker": true,
        "isBestMatch": true
    },
    {
        "id": 29362580,
        "price": "0.00052060",
        "qty": "114.73000000",
        "quoteQty": "0.05972843",
        "time": 1629986429135,
        "isBuyerMaker": true,
        "isBestMatch": true
    },
    {
        "id": 29362581,
        "price": "0.00052060",
        "qty": "43.27000000",
        "quoteQty": "0.02252636",
        "time": 1629986429204,
        "isBuyerMaker": true,
        "isBestMatch": true
    },
    {
        "id": 29362582,
        "price": "0.00052060",
        "qty": "12.90000000",
        "quoteQty": "0.00671574",
        "time": 1629986429902,
        "isBuyerMaker": true,
        "isBestMatch": true
    },
    {
        "id": 29362583,
        "price": "0.00052050",
        "qty": "13.29000000",
        "quoteQty": "0.00691744",
        "time": 1629986431493,
        "isBuyerMaker": true,
        "isBestMatch": true
    },
    {
        "id": 29362584,
        "price": "0.00052080",
        "qty": "0.30000000",
        "quoteQty": "0.00015624",
        "time": 1629986433100,
        "isBuyerMaker": false,
        "isBestMatch": true
    },
    {
        "id": 29362585,
        "price": "0.00052090",
        "qty": "0.46000000",
        "quoteQty": "0.00023961",
        "time": 1629986433100,
        "isBuyerMaker": false,
        "isBestMatch": true
    },
    {
        "id": 29362586,
        "price": "0.00052060",
        "qty": "7.70000000",
        "quoteQty": "0.00400862",
        "time": 1629986433112,
        "isBuyerMaker": true,
        "isBestMatch": true
    },
    {
        "id": 29362587,
        "price": "0.00052070",
        "qty": "0.30000000",
        "quoteQty": "0.00015621",
        "time": 1629986436323,
        "isBuyerMaker": true,
        "isBestMatch": true
    },
    {
        "id": 29362588,
        "price": "0.00052060",
        "qty": "3.96000000",
        "quoteQty": "0.00206157",
        "time": 1629986436323,
        "isBuyerMaker": true,
        "isBestMatch": true
    },
    {
        "id": 29362589,
        "price": "0.00052050",
        "qty": "22.97000000",
        "quoteQty": "0.01195588",
        "time": 1629986436323,
        "isBuyerMaker": true,
        "isBestMatch": true
    },
    {
        "id": 29362590,
        "price": "0.00052060",
        "qty": "10.64000000",
        "quoteQty": "0.00553918",
        "time": 1629986436410,
        "isBuyerMaker": true,
        "isBestMatch": true
    },
    {
        "id": 29362591,
        "price": "0.00052080",
        "qty": "0.30000000",
        "quoteQty": "0.00015624",
        "time": 1629986436798,
        "isBuyerMaker": false,
        "isBestMatch": true
    },
    {
        "id": 29362592,
        "price": "0.00052090",
        "qty": "0.29000000",
        "quoteQty": "0.00015106",
        "time": 1629986436798,
        "isBuyerMaker": false,
        "isBestMatch": true
    },
    {
        "id": 29362593,
        "price": "0.00052080",
        "qty": "0.30000000",
        "quoteQty": "0.00015624",
        "time": 1629986437773,
        "isBuyerMaker": false,
        "isBestMatch": true
    },
    {
        "id": 29362594,
        "price": "0.00052080",
        "qty": "0.50000000",
        "quoteQty": "0.00026040",
        "time": 1629986437773,
        "isBuyerMaker": false,
        "isBestMatch": true
    },
    {
        "id": 29362595,
        "price": "0.00052080",
        "qty": "0.78000000",
        "quoteQty": "0.00040622",
        "time": 1629986439088,
        "isBuyerMaker": false,
        "isBestMatch": true
    },
    {
        "id": 29362596,
        "price": "0.00052070",
        "qty": "0.30000000",
        "quoteQty": "0.00015621",
        "time": 1629986447237,
        "isBuyerMaker": true,
        "isBestMatch": true
    },
    {
        "id": 29362597,
        "price": "0.00052070",
        "qty": "4.80000000",
        "quoteQty": "0.00249936",
        "time": 1629986447237,
        "isBuyerMaker": true,
        "isBestMatch": true
    },
    {
        "id": 29362598,
        "price": "0.00052080",
        "qty": "0.30000000",
        "quoteQty": "0.00015624",
        "time": 1629986449214,
        "isBuyerMaker": true,
        "isBestMatch": true
    },
    {
        "id": 29362599,
        "price": "0.00052080",
        "qty": "4.66000000",
        "quoteQty": "0.00242692",
        "time": 1629986449214,
        "isBuyerMaker": true,
        "isBestMatch": true
    },
    {
        "id": 29362600,
        "price": "0.00052080",
        "qty": "5.04000000",
        "quoteQty": "0.00262483",
        "time": 1629986449352,
        "isBuyerMaker": true,
        "isBestMatch": true
    },
    {
        "id": 29362601,
        "price": "0.00052070",
        "qty": "53.20000000",
        "quoteQty": "0.02770124",
        "time": 1629986449352,
        "isBuyerMaker": true,
        "isBestMatch": true
    },
    {
        "id": 29362602,
        "price": "0.00052060",
        "qty": "38.40000000",
        "quoteQty": "0.01999104",
        "time": 1629986449352,
        "isBuyerMaker": true,
        "isBestMatch": true
    },
    {
        "id": 29362603,
        "price": "0.00052060",
        "qty": "18.65000000",
        "quoteQty": "0.00970919",
        "time": 1629986449352,
        "isBuyerMaker": true,
        "isBestMatch": true
    },
    {
        "id": 29362604,
        "price": "0.00052080",
        "qty": "0.60000000",
        "quoteQty": "0.00031248",
        "time": 1629986449806,
        "isBuyerMaker": false,
        "isBestMatch": true
    },
    {
        "id": 29362605,
        "price": "0.00052090",
        "qty": "17.75000000",
        "quoteQty": "0.00924597",
        "time": 1629986450339,
        "isBuyerMaker": false,
        "isBestMatch": true
    },
    {
        "id": 29362606,
        "price": "0.00052090",
        "qty": "17.27000000",
        "quoteQty": "0.00899594",
        "time": 1629986450339,
        "isBuyerMaker": false,
        "isBestMatch": true
    },
    {
        "id": 29362607,
        "price": "0.00052100",
        "qty": "0.40000000",
        "quoteQty": "0.00020840",
        "time": 1629986450385,
        "isBuyerMaker": false,
        "isBestMatch": true
    },
    {
        "id": 29362608,
        "price": "0.00052100",
        "qty": "0.65000000",
        "quoteQty": "0.00033865",
        "time": 1629986450385,
        "isBuyerMaker": false,
        "isBestMatch": true
    },
    {
        "id": 29362609,
        "price": "0.00052100",
        "qty": "1.00000000",
        "quoteQty": "0.00052100",
        "time": 1629986450385,
        "isBuyerMaker": false,
        "isBestMatch": true
    },
    {
        "id": 29362610,
        "price": "0.00052100",
        "qty": "1.25000000",
        "quoteQty": "0.00065125",
        "time": 1629986450385,
        "isBuyerMaker": false,
        "isBestMatch": true
    },
    {
        "id": 29362611,
        "price": "0.00052110",
        "qty": "0.55000000",
        "quoteQty": "0.00028660",
        "time": 1629986454194,
        "isBuyerMaker": false,
        "isBestMatch": true
    },
    {
        "id": 29362612,
        "price": "0.00052110",
        "qty": "0.63000000",
        "quoteQty": "0.00032829",
        "time": 1629986454194,
        "isBuyerMaker": false,
        "isBestMatch": true
    },
    {
        "id": 29362613,
        "price": "0.00052080",
        "qty": "0.30000000",
        "quoteQty": "0.00015624",
        "time": 1629986455719,
        "isBuyerMaker": true,
        "isBestMatch": true
    },
    {
        "id": 29362614,
        "price": "0.00052080",
        "qty": "2.57000000",
        "quoteQty": "0.00133845",
        "time": 1629986455719,
        "isBuyerMaker": true,
        "isBestMatch": true
    },
    {
        "id": 29362615,
        "price": "0.00052100",
        "qty": "0.30000000",
        "quoteQty": "0.00015630",
        "time": 1629986457228,
        "isBuyerMaker": false,
        "isBestMatch": true
    },
    {
        "id": 29362616,
        "price": "0.00052110",
        "qty": "39.64000000",
        "quoteQty": "0.02065640",
        "time": 1629986457256,
        "isBuyerMaker": false,
        "isBestMatch": true
    },
    {
        "id": 29362617,
        "price": "0.00052110",
        "qty": "1.73000000",
        "quoteQty": "0.00090150",
        "time": 1629986457256,
        "isBuyerMaker": false,
        "isBestMatch": true
    },
    {
        "id": 29362618,
        "price": "0.00052120",
        "qty": "1.85000000",
        "quoteQty": "0.00096422",
        "time": 1629986457286,
        "isBuyerMaker": false,
        "isBestMatch": true
    },
    {
        "id": 29362619,
        "price": "0.00052120",
        "qty": "0.41000000",
        "quoteQty": "0.00021369",
        "time": 1629986457286,
        "isBuyerMaker": false,
        "isBestMatch": true
    },
    {
        "id": 29362620,
        "price": "0.00052120",
        "qty": "1.46000000",
        "quoteQty": "0.00076095",
        "time": 1629986457286,
        "isBuyerMaker": false,
        "isBestMatch": true
    },
    {
        "id": 29362621,
        "price": "0.00052120",
        "qty": "1.61000000",
        "quoteQty": "0.00083913",
        "time": 1629986457286,
        "isBuyerMaker": false,
        "isBestMatch": true
    },
    {
        "id": 29362622,
        "price": "0.00052120",
        "qty": "0.96000000",
        "quoteQty": "0.00050035",
        "time": 1629986457286,
        "isBuyerMaker": false,
        "isBestMatch": true
    },
    {
        "id": 29362623,
        "price": "0.00052130",
        "qty": "1.78000000",
        "quoteQty": "0.00092791",
        "time": 1629986458731,
        "isBuyerMaker": false,
        "isBestMatch": true
    },
    {
        "id": 29362624,
        "price": "0.00052130",
        "qty": "1.30000000",
        "quoteQty": "0.00067769",
        "time": 1629986458731,
        "isBuyerMaker": false,
        "isBestMatch": true
    },
    {
        "id": 29362625,
        "price": "0.00052130",
        "qty": "1.14000000",
        "quoteQty": "0.00059428",
        "time": 1629986458731,
        "isBuyerMaker": false,
        "isBestMatch": true
    },
    {
        "id": 29362626,
        "price": "0.00052130",
        "qty": "0.30000000",
        "quoteQty": "0.00015639",
        "time": 1629986458829,
        "isBuyerMaker": true,
        "isBestMatch": true
    },
    {
        "id": 29362627,
        "price": "0.00052120",
        "qty": "9.95000000",
        "quoteQty": "0.00518594",
        "time": 1629986458829,
        "isBuyerMaker": true,
        "isBestMatch": true
    },
    {
        "id": 29362628,
        "price": "0.00052110",
        "qty": "104.97000000",
        "quoteQty": "0.05469986",
        "time": 1629986458829,
        "isBuyerMaker": true,
        "isBestMatch": true
    },
    {
        "id": 29362629,
        "price": "0.00052120",
        "qty": "0.30000000",
        "quoteQty": "0.00015636",
        "time": 1629986458917,
        "isBuyerMaker": true,
        "isBestMatch": true
    },
    {
        "id": 29362630,
        "price": "0.00052120",
        "qty": "9.95000000",
        "quoteQty": "0.00518594",
        "time": 1629986458917,
        "isBuyerMaker": true,
        "isBestMatch": true
    },
    {
        "id": 29362631,
        "price": "0.00052130",
        "qty": "0.30000000",
        "quoteQty": "0.00015639",
        "time": 1629986460406,
        "isBuyerMaker": false,
        "isBestMatch": true
    },
    {
        "id": 29362632,
        "price": "0.00052140",
        "qty": "0.77000000",
        "quoteQty": "0.00040147",
        "time": 1629986460406,
        "isBuyerMaker": false,
        "isBestMatch": true
    },
    {
        "id": 29362633,
        "price": "0.00052140",
        "qty": "0.13000000",
        "quoteQty": "0.00006778",
        "time": 1629986460406,
        "isBuyerMaker": false,
        "isBestMatch": true
    },
    {
        "id": 29362634,
        "price": "0.00052130",
        "qty": "0.30000000",
        "quoteQty": "0.00015639",
        "time": 1629986460439,
        "isBuyerMaker": false,
        "isBestMatch": true
    },
    {
        "id": 29362635,
        "price": "0.00052130",
        "qty": "61.66000000",
        "quoteQty": "0.03214335",
        "time": 1629986460919,
        "isBuyerMaker": true,
        "isBestMatch": true
    },
    {
        "id": 29362636,
        "price": "0.00052130",
        "qty": "9.27000000",
        "quoteQty": "0.00483245",
        "time": 1629986460919,
        "isBuyerMaker": true,
        "isBestMatch": true
    },
    {
        "id": 29362637,
        "price": "0.00052140",
        "qty": "1.22000000",
        "quoteQty": "0.00063610",
        "time": 1629986463996,
        "isBuyerMaker": false,
        "isBestMatch": true
    },
    {
        "id": 29362638,
        "price": "0.00052140",
        "qty": "0.58000000",
        "quoteQty": "0.00030241",
        "time": 1629986463996,
        "isBuyerMaker": false,
        "isBestMatch": true
    },
    {
        "id": 29362639,
        "price": "0.00052140",
        "qty": "4.66000000",
        "quoteQty": "0.00242972",
        "time": 1629986465786,
        "isBuyerMaker": false,
        "isBestMatch": true
    },
    {
        "id": 29362640,
        "price": "0.00052140",
        "qty": "18.25000000",
        "quoteQty": "0.00951555",
        "time": 1629986465836,
        "isBuyerMaker": false,
        "isBestMatch": true
    },
    {
        "id": 29362641,
        "price": "0.00052150",
        "qty": "10.00000000",
        "quoteQty": "0.00521500",
        "time": 1629986466019,
        "isBuyerMaker": false,
        "isBestMatch": true
    },
    {
        "id": 29362642,
        "price": "0.00052150",
        "qty": "9.76000000",
        "quoteQty": "0.00508984",
        "time": 1629986466019,
        "isBuyerMaker": false,
        "isBestMatch": true
    },
    {
        "id": 29362643,
        "price": "0.00052150",
        "qty": "0.38000000",
        "quoteQty": "0.00019817",
        "time": 1629986466019,
        "isBuyerMaker": false,
        "isBestMatch": true
    },
    {
        "id": 29362644,
        "price": "0.00052150",
        "qty": "0.30000000",
        "quoteQty": "0.00015645",
        "time": 1629986466084,
        "isBuyerMaker": true,
        "isBestMatch": true
    },
    {
        "id": 29362645,
        "price": "0.00052140",
        "qty": "6.00000000",
        "quoteQty": "0.00312840",
        "time": 1629986466084,
        "isBuyerMaker": true,
        "isBestMatch": true
    },
    {
        "id": 29362646,
        "price": "0.00052130",
        "qty": "61.38000000",
        "quoteQty": "0.03199739",
        "time": 1629986466084,
        "isBuyerMaker": true,
        "isBestMatch": true
    },
    {
        "id": 29362647,
        "price": "0.00052110",
        "qty": "32.32000000",
        "quoteQty": "0.01684195",
        "time": 1629986466084,
        "isBuyerMaker": true,
        "isBestMatch": true
    },
    {
        "id": 29362648,
        "price": "0.00052130",
        "qty": "1.80000000",
        "quoteQty": "0.00093834",
        "time": 1629986467318,
        "isBuyerMaker": false,
        "isBestMatch": true
    },
    {
        "id": 29362649,
        "price": "0.00052150",
        "qty": "0.30000000",
        "quoteQty": "0.00015645",
        "time": 1629986467485,
        "isBuyerMaker": false,
        "isBestMatch": true
    },
    {
        "id": 29362650,
        "price": "0.00052160",
        "qty": "0.11000000",
        "quoteQty": "0.00005737",
        "time": 1629986467485,
        "isBuyerMaker": false,
        "isBestMatch": true
    },
    {
        "id": 29362651,
        "price": "0.00052160",
        "qty": "0.58000000",
        "quoteQty": "0.00030252",
        "time": 1629986467485,
        "isBuyerMaker": false,
        "isBestMatch": true
    },
    {
        "id": 29362652,
        "price": "0.00052120",
        "qty": "3.87000000",
        "quoteQty": "0.00201704",
        "time": 1629986467796,
        "isBuyerMaker": true,
        "isBestMatch": true
    },
    {
        "id": 29362653,
        "price": "0.00052160",
        "qty": "1.19000000",
        "quoteQty": "0.00062070",
        "time": 1629986471378,
        "isBuyerMaker": false,
        "isBestMatch": true
    },
    {
        "id": 29362654,
        "price": "0.00052120",
        "qty": "1.89000000",
        "quoteQty": "0.00098506",
        "time": 1629986471795,
        "isBuyerMaker": true,
        "isBestMatch": true
    },
    {
        "id": 29362655,
        "price": "0.00052160",
        "qty": "0.13000000",
        "quoteQty": "0.00006780",
        "time": 1629986472927,
        "isBuyerMaker": false,
        "isBestMatch": true
    },
    {
        "id": 29362656,
        "price": "0.00052160",
        "qty": "0.97000000",
        "quoteQty": "0.00050595",
        "time": 1629986472927,
        "isBuyerMaker": false,
        "isBestMatch": true
    },
    {
        "id": 29362657,
        "price": "0.00052160",
        "qty": "0.66000000",
        "quoteQty": "0.00034425",
        "time": 1629986473239,
        "isBuyerMaker": false,
        "isBestMatch": true
    },
    {
        "id": 29362658,
        "price": "0.00052160",
        "qty": "0.54000000",
        "quoteQty": "0.00028166",
        "time": 1629986473239,
        "isBuyerMaker": false,
        "isBestMatch": true
    },
    {
        "id": 29362659,
        "price": "0.00052160",
        "qty": "0.30000000",
        "quoteQty": "0.00015648",
        "time": 1629986473680,
        "isBuyerMaker": false,
        "isBestMatch": true
    },
    {
        "id": 29362660,
        "price": "0.00052160",
        "qty": "0.80000000",
        "quoteQty": "0.00041728",
        "time": 1629986475820,
        "isBuyerMaker": false,
        "isBestMatch": true
    },
    {
        "id": 29362661,
        "price": "0.00052160",
        "qty": "4.00000000",
        "quoteQty": "0.00208640",
        "time": 1629986476373,
        "isBuyerMaker": false,
        "isBestMatch": true
    },
    {
        "id": 29362662,
        "price": "0.00052160",
        "qty": "0.40000000",
        "quoteQty": "0.00020864",
        "time": 1629986477105,
        "isBuyerMaker": false,
        "isBestMatch": true
    },
    {
        "id": 29362663,
        "price": "0.00052160",
        "qty": "0.90000000",
        "quoteQty": "0.00046944",
        "time": 1629986477881,
        "isBuyerMaker": false,
        "isBestMatch": true
    },
    {
        "id": 29362664,
        "price": "0.00052160",
        "qty": "51.06000000",
        "quoteQty": "0.02663289",
        "time": 1629986478207,
        "isBuyerMaker": false,
        "isBestMatch": true
    },
    {
        "id": 29362665,
        "price": "0.00052160",
        "qty": "8.98000000",
        "quoteQty": "0.00468396",
        "time": 1629986478207,
        "isBuyerMaker": false,
        "isBestMatch": true
    },
    {
        "id": 29362666,
        "price": "0.00052160",
        "qty": "19.96000000",
        "quoteQty": "0.01041113",
        "time": 1629986478220,
        "isBuyerMaker": true,
        "isBestMatch": true
    },
    {
        "id": 29362667,
        "price": "0.00052160",
        "qty": "2.20000000",
        "quoteQty": "0.00114752",
        "time": 1629986479491,
        "isBuyerMaker": false,
        "isBestMatch": true
    },
    {
        "id": 29362668,
        "price": "0.00052140",
        "qty": "0.30000000",
        "quoteQty": "0.00015642",
        "time": 1629986479500,
        "isBuyerMaker": true,
        "isBestMatch": true
    },
    {
        "id": 29362669,
        "price": "0.00052140",
        "qty": "7.09000000",
        "quoteQty": "0.00369672",
        "time": 1629986479500,
        "isBuyerMaker": true,
        "isBestMatch": true
    },
    {
        "id": 29362670,
        "price": "0.00052140",
        "qty": "7.12000000",
        "quoteQty": "0.00371236",
        "time": 1629986479630,
        "isBuyerMaker": true,
        "isBestMatch": true
    },
    {
        "id": 29362671,
        "price": "0.00052140",
        "qty": "0.30000000",
        "quoteQty": "0.00015642",
        "time": 1629986479630,
        "isBuyerMaker": true,
        "isBestMatch": true
    },
    {
        "id": 29362672,
        "price": "0.00052150",
        "qty": "0.30000000",
        "quoteQty": "0.00015645",
        "time": 1629986480355,
        "isBuyerMaker": false,
        "isBestMatch": true
    },
    {
        "id": 29362673,
        "price": "0.00052160",
        "qty": "0.20000000",
        "quoteQty": "0.00010432",
        "time": 1629986480355,
        "isBuyerMaker": false,
        "isBestMatch": true
    },
    {
        "id": 29362674,
        "price": "0.00052140",
        "qty": "6.99000000",
        "quoteQty": "0.00364458",
        "time": 1629986480368,
        "isBuyerMaker": true,
        "isBestMatch": true
    },
    {
        "id": 29362675,
        "price": "0.00052150",
        "qty": "0.30000000",
        "quoteQty": "0.00015645",
        "time": 1629986480585,
        "isBuyerMaker": false,
        "isBestMatch": true
    },
    {
        "id": 29362676,
        "price": "0.00052160",
        "qty": "0.60000000",
        "quoteQty": "0.00031296",
        "time": 1629986480585,
        "isBuyerMaker": false,
        "isBestMatch": true
    },
    {
        "id": 29362677,
        "price": "0.00052140",
        "qty": "6.86000000",
        "quoteQty": "0.00357680",
        "time": 1629986480594,
        "isBuyerMaker": true,
        "isBestMatch": true
    },
    {
        "id": 29362678,
        "price": "0.00052140",
        "qty": "0.30000000",
        "quoteQty": "0.00015642",
        "time": 1629986480594,
        "isBuyerMaker": true,
        "isBestMatch": true
    },
    {
        "id": 29362679,
        "price": "0.00052140",
        "qty": "0.30000000",
        "quoteQty": "0.00015642",
        "time": 1629986484171,
        "isBuyerMaker": true,
        "isBestMatch": true
    },
    {
        "id": 29362680,
        "price": "0.00052140",
        "qty": "0.70000000",
        "quoteQty": "0.00036498",
        "time": 1629986484171,
        "isBuyerMaker": true,
        "isBestMatch": true
    },
    {
        "id": 29362681,
        "price": "0.00052140",
        "qty": "1.10000000",
        "quoteQty": "0.00057354",
        "time": 1629986484171,
        "isBuyerMaker": true,
        "isBestMatch": true
    },
    {
        "id": 29362682,
        "price": "0.00052130",
        "qty": "58.00000000",
        "quoteQty": "0.03023540",
        "time": 1629986484239,
        "isBuyerMaker": true,
        "isBestMatch": true
    },
    {
        "id": 29362683,
        "price": "0.00052130",
        "qty": "6.59000000",
        "quoteQty": "0.00343536",
        "time": 1629986484239,
        "isBuyerMaker": true,
        "isBestMatch": true
    },
    {
        "id": 29362684,
        "price": "0.00052140",
        "qty": "1.20000000",
        "quoteQty": "0.00062568",
        "time": 1629986485928,
        "isBuyerMaker": true,
        "isBestMatch": true
    },
    {
        "id": 29362685,
        "price": "0.00052140",
        "qty": "6.77000000",
        "quoteQty": "0.00352987",
        "time": 1629986485928,
        "isBuyerMaker": true,
        "isBestMatch": true
    },
    {
        "id": 29362686,
        "price": "0.00052140",
        "qty": "0.30000000",
        "quoteQty": "0.00015642",
        "time": 1629986487733,
        "isBuyerMaker": true,
        "isBestMatch": true
    },
    {
        "id": 29362687,
        "price": "0.00052140",
        "qty": "1.50000000",
        "quoteQty": "0.00078210",
        "time": 1629986487733,
        "isBuyerMaker": true,
        "isBestMatch": true
    },
    {
        "id": 29362688,
        "price": "0.00052140",
        "qty": "6.56000000",
        "quoteQty": "0.00342038",
        "time": 1629986487733,
        "isBuyerMaker": true,
        "isBestMatch": true
    },
    {
        "id": 29362689,
        "price": "0.00052120",
        "qty": "3.10000000",
        "quoteQty": "0.00161572",
        "time": 1629986488091,
        "isBuyerMaker": true,
        "isBestMatch": true
    },
    {
        "id": 29362690,
        "price": "0.00052120",
        "qty": "0.50000000",
        "quoteQty": "0.00026060",
        "time": 1629986488091,
        "isBuyerMaker": true,
        "isBestMatch": true
    },
    {
        "id": 29362691,
        "price": "0.00052120",
        "qty": "6.57000000",
        "quoteQty": "0.00342428",
        "time": 1629986488091,
        "isBuyerMaker": true,
        "isBestMatch": true
    },
    {
        "id": 29362692,
        "price": "0.00052110",
        "qty": "0.48000000",
        "quoteQty": "0.00025012",
        "time": 1629986488091,
        "isBuyerMaker": true,
        "isBestMatch": true
    },
    {
        "id": 29362693,
        "price": "0.00052140",
        "qty": "5.47000000",
        "quoteQty": "0.00285205",
        "time": 1629986488241,
        "isBuyerMaker": true,
        "isBestMatch": true
    },
    {
        "id": 29362694,
        "price": "0.00052140",
        "qty": "1.00000000",
        "quoteQty": "0.00052140",
        "time": 1629986488332,
        "isBuyerMaker": true,
        "isBestMatch": true
    },
    {
        "id": 29362695,
        "price": "0.00052140",
        "qty": "3.09000000",
        "quoteQty": "0.00161112",
        "time": 1629986488332,
        "isBuyerMaker": true,
        "isBestMatch": true
    },
    {
        "id": 29362696,
        "price": "0.00052140",
        "qty": "0.01000000",
        "quoteQty": "0.00000521",
        "time": 1629986488531,
        "isBuyerMaker": true,
        "isBestMatch": true
    },
    {
        "id": 29362697,
        "price": "0.00052140",
        "qty": "1.10000000",
        "quoteQty": "0.00057354",
        "time": 1629986488531,
        "isBuyerMaker": true,
        "isBestMatch": true
    },
    {
        "id": 29362698,
        "price": "0.00052140",
        "qty": "4.10000000",
        "quoteQty": "0.00213774",
        "time": 1629986488531,
        "isBuyerMaker": true,
        "isBestMatch": true
    },
    {
        "id": 29362699,
        "price": "0.00052140",
        "qty": "0.90000000",
        "quoteQty": "0.00046926",
        "time": 1629986488631,
        "isBuyerMaker": true,
        "isBestMatch": true
    },
    {
        "id": 29362700,
        "price": "0.00052130",
        "qty": "15.30000000",
        "quoteQty": "0.00797589",
        "time": 1629986488631,
        "isBuyerMaker": true,
        "isBestMatch": true
    },
    {
        "id": 29362701,
        "price": "0.00052130",
        "qty": "0.90000000",
        "quoteQty": "0.00046917",
        "time": 1629986488631,
        "isBuyerMaker": true,
        "isBestMatch": true
    },
    {
        "id": 29362702,
        "price": "0.00052130",
        "qty": "3.12000000",
        "quoteQty": "0.00162645",
        "time": 1629986488631,
        "isBuyerMaker": true,
        "isBestMatch": true
    },
    {
        "id": 29362703,
        "price": "0.00052140",
        "qty": "0.90000000",
        "quoteQty": "0.00046926",
        "time": 1629986489432,
        "isBuyerMaker": true,
        "isBestMatch": true
    },
    {
        "id": 29362704,
        "price": "0.00052140",
        "qty": "1.60000000",
        "quoteQty": "0.00083424",
        "time": 1629986489432,
        "isBuyerMaker": true,
        "isBestMatch": true
    },
    {
        "id": 29362705,
        "price": "0.00052140",
        "qty": "0.30000000",
        "quoteQty": "0.00015642",
        "time": 1629986491435,
        "isBuyerMaker": true,
        "isBestMatch": true
    },
    {
        "id": 29362706,
        "price": "0.00052140",
        "qty": "0.30000000",
        "quoteQty": "0.00015642",
        "time": 1629986491435,
        "isBuyerMaker": true,
        "isBestMatch": true
    },
    {
        "id": 29362707,
        "price": "0.00052140",
        "qty": "0.90000000",
        "quoteQty": "0.00046926",
        "time": 1629986491435,
        "isBuyerMaker": true,
        "isBestMatch": true
    },
    {
        "id": 29362708,
        "price": "0.00052140",
        "qty": "1.10000000",
        "quoteQty": "0.00057354",
        "time": 1629986491435,
        "isBuyerMaker": true,
        "isBestMatch": true
    },
    {
        "id": 29362709,
        "price": "0.00052140",
        "qty": "1.10000000",
        "quoteQty": "0.00057354",
        "time": 1629986491612,
        "isBuyerMaker": true,
        "isBestMatch": true
    },
    {
        "id": 29362710,
        "price": "0.00052150",
        "qty": "0.30000000",
        "quoteQty": "0.00015645",
        "time": 1629986493483,
        "isBuyerMaker": false,
        "isBestMatch": true
    },
    {
        "id": 29362711,
        "price": "0.00052150",
        "qty": "0.69000000",
        "quoteQty": "0.00035983",
        "time": 1629986493483,
        "isBuyerMaker": false,
        "isBestMatch": true
    },
    {
        "id": 29362712,
        "price": "0.00052150",
        "qty": "0.30000000",
        "quoteQty": "0.00015645",
        "time": 1629986493751,
        "isBuyerMaker": false,
        "isBestMatch": true
    },
    {
        "id": 29362713,
        "price": "0.00052140",
        "qty": "1.60000000",
        "quoteQty": "0.00083424",
        "time": 1629986494364,
        "isBuyerMaker": true,
        "isBestMatch": true
    },
    {
        "id": 29362714,
        "price": "0.00052140",
        "qty": "0.30000000",
        "quoteQty": "0.00015642",
        "time": 1629986494435,
        "isBuyerMaker": true,
        "isBestMatch": true
    },
    {
        "id": 29362715,
        "price": "0.00052140",
        "qty": "0.60000000",
        "quoteQty": "0.00031284",
        "time": 1629986495638,
        "isBuyerMaker": false,
        "isBestMatch": true
    },
    {
        "id": 29362716,
        "price": "0.00052150",
        "qty": "0.30000000",
        "quoteQty": "0.00015645",
        "time": 1629986498972,
        "isBuyerMaker": true,
        "isBestMatch": true
    },
    {
        "id": 29362717,
        "price": "0.00052160",
        "qty": "0.96000000",
        "quoteQty": "0.00050073",
        "time": 1629986499536,
        "isBuyerMaker": false,
        "isBestMatch": true
    },
    {
        "id": 29362718,
        "price": "0.00052150",
        "qty": "0.30000000",
        "quoteQty": "0.00015645",
        "time": 1629986500254,
        "isBuyerMaker": true,
        "isBestMatch": true
    },
    {
        "id": 29362719,
        "price": "0.00052150",
        "qty": "0.30000000",
        "quoteQty": "0.00015645",
        "time": 1629986501458,
        "isBuyerMaker": false,
        "isBestMatch": true
    },
    {
        "id": 29362720,
        "price": "0.00052160",
        "qty": "0.86000000",
        "quoteQty": "0.00044857",
        "time": 1629986501458,
        "isBuyerMaker": false,
        "isBestMatch": true
    },
    {
        "id": 29362721,
        "price": "0.00052150",
        "qty": "0.30000000",
        "quoteQty": "0.00015645",
        "time": 1629986503325,
        "isBuyerMaker": false,
        "isBestMatch": true
    },
    {
        "id": 29362722,
        "price": "0.00052150",
        "qty": "0.80000000",
        "quoteQty": "0.00041720",
        "time": 1629986503325,
        "isBuyerMaker": false,
        "isBestMatch": true
    },
    {
        "id": 29362723,
        "price": "0.00052150",
        "qty": "0.30000000",
        "quoteQty": "0.00015645",
        "time": 1629986506313,
        "isBuyerMaker": true,
        "isBestMatch": true
    },
    {
        "id": 29362724,
        "price": "0.00052140",
        "qty": "0.10000000",
        "quoteQty": "0.00005214",
        "time": 1629986507415,
        "isBuyerMaker": true,
        "isBestMatch": true
    },
    {
        "id": 29362725,
        "price": "0.00052130",
        "qty": "1.50000000",
        "quoteQty": "0.00078195",
        "time": 1629986507415,
        "isBuyerMaker": true,
        "isBestMatch": true
    },
    {
        "id": 29362726,
        "price": "0.00052130",
        "qty": "4.10000000",
        "quoteQty": "0.00213733",
        "time": 1629986507415,
        "isBuyerMaker": true,
        "isBestMatch": true
    },
    {
        "id": 29362727,
        "price": "0.00052130",
        "qty": "1.20000000",
        "quoteQty": "0.00062556",
        "time": 1629986507415,
        "isBuyerMaker": true,
        "isBestMatch": true
    },
    {
        "id": 29362728,
        "price": "0.00052130",
        "qty": "8.41000000",
        "quoteQty": "0.00438413",
        "time": 1629986507415,
        "isBuyerMaker": true,
        "isBestMatch": true
    },
    {
        "id": 29362729,
        "price": "0.00052120",
        "qty": "21.74000000",
        "quoteQty": "0.01133088",
        "time": 1629986507415,
        "isBuyerMaker": true,
        "isBestMatch": true
    },
    {
        "id": 29362730,
        "price": "0.00052130",
        "qty": "0.30000000",
        "quoteQty": "0.00015639",
        "time": 1629986507441,
        "isBuyerMaker": true,
        "isBestMatch": true
    },
    {
        "id": 29362731,
        "price": "0.00052120",
        "qty": "15.39000000",
        "quoteQty": "0.00802126",
        "time": 1629986507441,
        "isBuyerMaker": true,
        "isBestMatch": true
    },
    {
        "id": 29362732,
        "price": "0.00052120",
        "qty": "4.70000000",
        "quoteQty": "0.00244964",
        "time": 1629986507540,
        "isBuyerMaker": true,
        "isBestMatch": true
    },
    {
        "id": 29362733,
        "price": "0.00052120",
        "qty": "0.89000000",
        "quoteQty": "0.00046386",
        "time": 1629986508687,
        "isBuyerMaker": true,
        "isBestMatch": true
    },
    {
        "id": 29362734,
        "price": "0.00052150",
        "qty": "0.30000000",
        "quoteQty": "0.00015645",
        "time": 1629986508699,
        "isBuyerMaker": false,
        "isBestMatch": true
    },
    {
        "id": 29362735,
        "price": "0.00052160",
        "qty": "0.86000000",
        "quoteQty": "0.00044857",
        "time": 1629986508699,
        "isBuyerMaker": false,
        "isBestMatch": true
    },
    {
        "id": 29362736,
        "price": "0.00052150",
        "qty": "0.30000000",
        "quoteQty": "0.00015645",
        "time": 1629986508768,
        "isBuyerMaker": false,
        "isBestMatch": true
    },
    {
        "id": 29362737,
        "price": "0.00052150",
        "qty": "0.20000000",
        "quoteQty": "0.00010430",
        "time": 1629986509345,
        "isBuyerMaker": true,
        "isBestMatch": true
    },
    {
        "id": 29362738,
        "price": "0.00052130",
        "qty": "0.30000000",
        "quoteQty": "0.00015639",
        "time": 1629986509716,
        "isBuyerMaker": true,
        "isBestMatch": true
    },
    {
        "id": 29362739,
        "price": "0.00052120",
        "qty": "2.20000000",
        "quoteQty": "0.00114664",
        "time": 1629986509726,
        "isBuyerMaker": true,
        "isBestMatch": true
    },
    {
        "id": 29362740,
        "price": "0.00052130",
        "qty": "0.30000000",
        "quoteQty": "0.00015639",
        "time": 1629986509742,
        "isBuyerMaker": true,
        "isBestMatch": true
    },
    {
        "id": 29362741,
        "price": "0.00052100",
        "qty": "2.50000000",
        "quoteQty": "0.00130250",
        "time": 1629986509742,
        "isBuyerMaker": true,
        "isBestMatch": true
    },
    {
        "id": 29362742,
        "price": "0.00052100",
        "qty": "100.00000000",
        "quoteQty": "0.05210000",
        "time": 1629986509743,
        "isBuyerMaker": true,
        "isBestMatch": true
    },
    {
        "id": 29362743,
        "price": "0.00052100",
        "qty": "100.00000000",
        "quoteQty": "0.05210000",
        "time": 1629986509750,
        "isBuyerMaker": true,
        "isBestMatch": true
    },
    {
        "id": 29362744,
        "price": "0.00052080",
        "qty": "63.64000000",
        "quoteQty": "0.03314371",
        "time": 1629986509942,
        "isBuyerMaker": true,
        "isBestMatch": true
    },
    {
        "id": 29362745,
        "price": "0.00052080",
        "qty": "19.06000000",
        "quoteQty": "0.00992644",
        "time": 1629986510139,
        "isBuyerMaker": true,
        "isBestMatch": true
    },
    {
        "id": 29362746,
        "price": "0.00052080",
        "qty": "5.71000000",
        "quoteQty": "0.00297376",
        "time": 1629986510243,
        "isBuyerMaker": true,
        "isBestMatch": true
    },
    {
        "id": 29362747,
        "price": "0.00052110",
        "qty": "0.20000000",
        "quoteQty": "0.00010422",
        "time": 1629986517953,
        "isBuyerMaker": false,
        "isBestMatch": true
    },
    {
        "id": 29362748,
        "price": "0.00052150",
        "qty": "2.92000000",
        "quoteQty": "0.00152278",
        "time": 1629986517953,
        "isBuyerMaker": false,
        "isBestMatch": true
    },
    {
        "id": 29362749,
        "price": "0.00052120",
        "qty": "0.40000000",
        "quoteQty": "0.00020848",
        "time": 1629986522360,
        "isBuyerMaker": false,
        "isBestMatch": true
    },
    {
        "id": 29362750,
        "price": "0.00052120",
        "qty": "1.20000000",
        "quoteQty": "0.00062544",
        "time": 1629986522360,
        "isBuyerMaker": false,
        "isBestMatch": true
    },
    {
        "id": 29362751,
        "price": "0.00052090",
        "qty": "0.30000000",
        "quoteQty": "0.00015627",
        "time": 1629986524398,
        "isBuyerMaker": true,
        "isBestMatch": true
    },
    {
        "id": 29362752,
        "price": "0.00052090",
        "qty": "0.30000000",
        "quoteQty": "0.00015627",
        "time": 1629986526762,
        "isBuyerMaker": true,
        "isBestMatch": true
    },
    {
        "id": 29362753,
        "price": "0.00052090",
        "qty": "2.61000000",
        "quoteQty": "0.00135954",
        "time": 1629986526762,
        "isBuyerMaker": true,
        "isBestMatch": true
    },
    {
        "id": 29362754,
        "price": "0.00052090",
        "qty": "1.36000000",
        "quoteQty": "0.00070842",
        "time": 1629986529624,
        "isBuyerMaker": true,
        "isBestMatch": true
    },
    {
        "id": 29362755,
        "price": "0.00052100",
        "qty": "0.20000000",
        "quoteQty": "0.00010420",
        "time": 1629986530286,
        "isBuyerMaker": false,
        "isBestMatch": true
    },
    {
        "id": 29362756,
        "price": "0.00052120",
        "qty": "0.30000000",
        "quoteQty": "0.00015636",
        "time": 1629986533643,
        "isBuyerMaker": true,
        "isBestMatch": true
    },
    {
        "id": 29362757,
        "price": "0.00052100",
        "qty": "0.53000000",
        "quoteQty": "0.00027613",
        "time": 1629986536845,
        "isBuyerMaker": true,
        "isBestMatch": true
    },
    {
        "id": 29362758,
        "price": "0.00052090",
        "qty": "1.50000000",
        "quoteQty": "0.00078135",
        "time": 1629986539274,
        "isBuyerMaker": true,
        "isBestMatch": true
    },
    {
        "id": 29362759,
        "price": "0.00052090",
        "qty": "0.97000000",
        "quoteQty": "0.00050527",
        "time": 1629986539274,
        "isBuyerMaker": true,
        "isBestMatch": true
    },
    {
        "id": 29362760,
        "price": "0.00052080",
        "qty": "1.10000000",
        "quoteQty": "0.00057288",
        "time": 1629986539274,
        "isBuyerMaker": true,
        "isBestMatch": true
    },
    {
        "id": 29362761,
        "price": "0.00052080",
        "qty": "0.30000000",
        "quoteQty": "0.00015624",
        "time": 1629986539274,
        "isBuyerMaker": true,
        "isBestMatch": true
    },
    {
        "id": 29362762,
        "price": "0.00052080",
        "qty": "3.10000000",
        "quoteQty": "0.00161448",
        "time": 1629986539274,
        "isBuyerMaker": true,
        "isBestMatch": true
    },
    {
        "id": 29362763,
        "price": "0.00052080",
        "qty": "1.50000000",
        "quoteQty": "0.00078120",
        "time": 1629986539274,
        "isBuyerMaker": true,
        "isBestMatch": true
    },
    {
        "id": 29362764,
        "price": "0.00052080",
        "qty": "0.67000000",
        "quoteQty": "0.00034893",
        "time": 1629986539274,
        "isBuyerMaker": true,
        "isBestMatch": true
    },
    {
        "id": 29362765,
        "price": "0.00052120",
        "qty": "0.40000000",
        "quoteQty": "0.00020848",
        "time": 1629986541931,
        "isBuyerMaker": false,
        "isBestMatch": true
    },
    {
        "id": 29362766,
        "price": "0.00052130",
        "qty": "0.56000000",
        "quoteQty": "0.00029192",
        "time": 1629986541931,
        "isBuyerMaker": false,
        "isBestMatch": true
    },
    {
        "id": 29362767,
        "price": "0.00052130",
        "qty": "0.30000000",
        "quoteQty": "0.00015639",
        "time": 1629986542979,
        "isBuyerMaker": false,
        "isBestMatch": true
    },
    {
        "id": 29362768,
        "price": "0.00052140",
        "qty": "2.56000000",
        "quoteQty": "0.00133478",
        "time": 1629986542979,
        "isBuyerMaker": false,
        "isBestMatch": true
    },
    {
        "id": 29362769,
        "price": "0.00052140",
        "qty": "11.49000000",
        "quoteQty": "0.00599088",
        "time": 1629986546898,
        "isBuyerMaker": false,
        "isBestMatch": true
    },
    {
        "id": 29362770,
        "price": "0.00052160",
        "qty": "0.79000000",
        "quoteQty": "0.00041206",
        "time": 1629986548821,
        "isBuyerMaker": false,
        "isBestMatch": true
    },
    {
        "id": 29362771,
        "price": "0.00052160",
        "qty": "0.77000000",
        "quoteQty": "0.00040163",
        "time": 1629986555064,
        "isBuyerMaker": false,
        "isBestMatch": true
    },
    {
        "id": 29362772,
        "price": "0.00052160",
        "qty": "3.51000000",
        "quoteQty": "0.00183081",
        "time": 1629986561487,
        "isBuyerMaker": false,
        "isBestMatch": true
    },
    {
        "id": 29362773,
        "price": "0.00052160",
        "qty": "1.07000000",
        "quoteQty": "0.00055811",
        "time": 1629986564494,
        "isBuyerMaker": false,
        "isBestMatch": true
    },
    {
        "id": 29362774,
        "price": "0.00052160",
        "qty": "1.15000000",
        "quoteQty": "0.00059984",
        "time": 1629986569968,
        "isBuyerMaker": false,
        "isBestMatch": true
    },
    {
        "id": 29362775,
        "price": "0.00052160",
        "qty": "0.57000000",
        "quoteQty": "0.00029731",
        "time": 1629986572379,
        "isBuyerMaker": false,
        "isBestMatch": true
    },
    {
        "id": 29362776,
        "price": "0.00052170",
        "qty": "0.76000000",
        "quoteQty": "0.00039649",
        "time": 1629986580535,
        "isBuyerMaker": false,
        "isBestMatch": true
    },
    {
        "id": 29362777,
        "price": "0.00052130",
        "qty": "0.30000000",
        "quoteQty": "0.00015639",
        "time": 1629986582374,
        "isBuyerMaker": true,
        "isBestMatch": true
    },
    {
        "id": 29362778,
        "price": "0.00052130",
        "qty": "0.20000000",
        "quoteQty": "0.00010426",
        "time": 1629986587099,
        "isBuyerMaker": false,
        "isBestMatch": true
    },
    {
        "id": 29362779,
        "price": "0.00052160",
        "qty": "1.77000000",
        "quoteQty": "0.00092323",
        "time": 1629986587099,
        "isBuyerMaker": false,
        "isBestMatch": true
    },
    {
        "id": 29362780,
        "price": "0.00052160",
        "qty": "56.23000000",
        "quoteQty": "0.02932956",
        "time": 1629986587517,
        "isBuyerMaker": false,
        "isBestMatch": true
    },
    {
        "id": 29362781,
        "price": "0.00052170",
        "qty": "27.69000000",
        "quoteQty": "0.01444587",
        "time": 1629986587528,
        "isBuyerMaker": false,
        "isBestMatch": true
    },
    {
        "id": 29362782,
        "price": "0.00052170",
        "qty": "160.10000000",
        "quoteQty": "0.08352417",
        "time": 1629986587575,
        "isBuyerMaker": false,
        "isBestMatch": true
    },
    {
        "id": 29362783,
        "price": "0.00052170",
        "qty": "0.04000000",
        "quoteQty": "0.00002086",
        "time": 1629986587578,
        "isBuyerMaker": false,
        "isBestMatch": true
    },
    {
        "id": 29362784,
        "price": "0.00052180",
        "qty": "0.39000000",
        "quoteQty": "0.00020350",
        "time": 1629986587586,
        "isBuyerMaker": false,
        "isBestMatch": true
    },
    {
        "id": 29362785,
        "price": "0.00052180",
        "qty": "1.02000000",
        "quoteQty": "0.00053223",
        "time": 1629986587586,
        "isBuyerMaker": false,
        "isBestMatch": true
    },
    {
        "id": 29362786,
        "price": "0.00052180",
        "qty": "0.47000000",
        "quoteQty": "0.00024524",
        "time": 1629986587586,
        "isBuyerMaker": false,
        "isBestMatch": true
    },
    {
        "id": 29362787,
        "price": "0.00052180",
        "qty": "2.57000000",
        "quoteQty": "0.00134102",
        "time": 1629986587586,
        "isBuyerMaker": false,
        "isBestMatch": true
    },
    {
        "id": 29362788,
        "price": "0.00052180",
        "qty": "1.78000000",
        "quoteQty": "0.00092880",
        "time": 1629986587586,
        "isBuyerMaker": false,
        "isBestMatch": true
    },
    {
        "id": 29362789,
        "price": "0.00052180",
        "qty": "0.40000000",
        "quoteQty": "0.00020872",
        "time": 1629986587586,
        "isBuyerMaker": false,
        "isBestMatch": true
    },
    {
        "id": 29362790,
        "price": "0.00052180",
        "qty": "0.96000000",
        "quoteQty": "0.00050092",
        "time": 1629986587586,
        "isBuyerMaker": false,
        "isBestMatch": true
    },
    {
        "id": 29362791,
        "price": "0.00052180",
        "qty": "92.41000000",
        "quoteQty": "0.04821953",
        "time": 1629986587586,
        "isBuyerMaker": false,
        "isBestMatch": true
    },
    {
        "id": 29362792,
        "price": "0.00052180",
        "qty": "103.30000000",
        "quoteQty": "0.05390194",
        "time": 1629986587593,
        "isBuyerMaker": false,
        "isBestMatch": true
    },
    {
        "id": 29362793,
        "price": "0.00052180",
        "qty": "346.30000000",
        "quoteQty": "0.18069934",
        "time": 1629986587596,
        "isBuyerMaker": false,
        "isBestMatch": true
    },
    {
        "id": 29362794,
        "price": "0.00052180",
        "qty": "123.44000000",
        "quoteQty": "0.06441099",
        "time": 1629986587601,
        "isBuyerMaker": false,
        "isBestMatch": true
    },
    {
        "id": 29362795,
        "price": "0.00052190",
        "qty": "2.40000000",
        "quoteQty": "0.00125256",
        "time": 1629986587646,
        "isBuyerMaker": false,
        "isBestMatch": true
    },
    {
        "id": 29362796,
        "price": "0.00052190",
        "qty": "0.20000000",
        "quoteQty": "0.00010438",
        "time": 1629986587646,
        "isBuyerMaker": false,
        "isBestMatch": true
    },
    {
        "id": 29362797,
        "price": "0.00052190",
        "qty": "70.06000000",
        "quoteQty": "0.03656431",
        "time": 1629986587646,
        "isBuyerMaker": false,
        "isBestMatch": true
    },
    {
        "id": 29362798,
        "price": "0.00052190",
        "qty": "0.18000000",
        "quoteQty": "0.00009394",
        "time": 1629986587646,
        "isBuyerMaker": false,
        "isBestMatch": true
    },
    {
        "id": 29362799,
        "price": "0.00052200",
        "qty": "0.49000000",
        "quoteQty": "0.00025578",
        "time": 1629986587669,
        "isBuyerMaker": false,
        "isBestMatch": true
    },
    {
        "id": 29362800,
        "price": "0.00052200",
        "qty": "3.34000000",
        "quoteQty": "0.00174348",
        "time": 1629986587669,
        "isBuyerMaker": false,
        "isBestMatch": true
    },
    {
        "id": 29362801,
        "price": "0.00052200",
        "qty": "1.87000000",
        "quoteQty": "0.00097614",
        "time": 1629986587669,
        "isBuyerMaker": false,
        "isBestMatch": true
    },
    {
        "id": 29362802,
        "price": "0.00052200",
        "qty": "0.43000000",
        "quoteQty": "0.00022446",
        "time": 1629986587669,
        "isBuyerMaker": false,
        "isBestMatch": true
    },
    {
        "id": 29362803,
        "price": "0.00052200",
        "qty": "0.40000000",
        "quoteQty": "0.00020880",
        "time": 1629986587669,
        "isBuyerMaker": false,
        "isBestMatch": true
    },
    {
        "id": 29362804,
        "price": "0.00052200",
        "qty": "1.00000000",
        "quoteQty": "0.00052200",
        "time": 1629986587669,
        "isBuyerMaker": false,
        "isBestMatch": true
    },
    {
        "id": 29362805,
        "price": "0.00052200",
        "qty": "213.28000000",
        "quoteQty": "0.11133216",
        "time": 1629986587669,
        "isBuyerMaker": false,
        "isBestMatch": true
    },
    {
        "id": 29362806,
        "price": "0.00052200",
        "qty": "17.24000000",
        "quoteQty": "0.00899928",
        "time": 1629986587669,
        "isBuyerMaker": false,
        "isBestMatch": true
    },
    {
        "id": 29362807,
        "price": "0.00052200",
        "qty": "58.00000000",
        "quoteQty": "0.03027600",
        "time": 1629986587685,
        "isBuyerMaker": false,
        "isBestMatch": true
    },
    {
        "id": 29362808,
        "price": "0.00052170",
        "qty": "38.38000000",
        "quoteQty": "0.02002284",
        "time": 1629986587824,
        "isBuyerMaker": true,
        "isBestMatch": true
    },
    {
        "id": 29362809,
        "price": "0.00052180",
        "qty": "0.30000000",
        "quoteQty": "0.00015654",
        "time": 1629986588186,
        "isBuyerMaker": true,
        "isBestMatch": true
    },
    {
        "id": 29362810,
        "price": "0.00052180",
        "qty": "25.37000000",
        "quoteQty": "0.01323806",
        "time": 1629986588186,
        "isBuyerMaker": true,
        "isBestMatch": true
    },
    {
        "id": 29362811,
        "price": "0.00052170",
        "qty": "19.62000000",
        "quoteQty": "0.01023575",
        "time": 1629986588277,
        "isBuyerMaker": true,
        "isBestMatch": true
    },
    {
        "id": 29362812,
        "price": "0.00052170",
        "qty": "0.30000000",
        "quoteQty": "0.00015651",
        "time": 1629986588376,
        "isBuyerMaker": true,
        "isBestMatch": true
    },
    {
        "id": 29362813,
        "price": "0.00052170",
        "qty": "58.00000000",
        "quoteQty": "0.03025860",
        "time": 1629986588376,
        "isBuyerMaker": true,
        "isBestMatch": true
    },
    {
        "id": 29362814,
        "price": "0.00052160",
        "qty": "243.49000000",
        "quoteQty": "0.12700438",
        "time": 1629986589279,
        "isBuyerMaker": true,
        "isBestMatch": true
    },
    {
        "id": 29362815,
        "price": "0.00052160",
        "qty": "23.65000000",
        "quoteQty": "0.01233584",
        "time": 1629986589279,
        "isBuyerMaker": true,
        "isBestMatch": true
    },
    {
        "id": 29362816,
        "price": "0.00052160",
        "qty": "141.34000000",
        "quoteQty": "0.07372294",
        "time": 1629986589578,
        "isBuyerMaker": true,
        "isBestMatch": true
    },
    {
        "id": 29362817,
        "price": "0.00052160",
        "qty": "42.23000000",
        "quoteQty": "0.02202716",
        "time": 1629986590076,
        "isBuyerMaker": true,
        "isBestMatch": true
    },
    {
        "id": 29362818,
        "price": "0.00052180",
        "qty": "0.40000000",
        "quoteQty": "0.00020872",
        "time": 1629986590144,
        "isBuyerMaker": false,
        "isBestMatch": true
    },
    {
        "id": 29362819,
        "price": "0.00052200",
        "qty": "0.36000000",
        "quoteQty": "0.00018792",
        "time": 1629986590144,
        "isBuyerMaker": false,
        "isBestMatch": true
    },
    {
        "id": 29362820,
        "price": "0.00052190",
        "qty": "0.30000000",
        "quoteQty": "0.00015657",
        "time": 1629986591039,
        "isBuyerMaker": false,
        "isBestMatch": true
    },
    {
        "id": 29362821,
        "price": "0.00052200",
        "qty": "12.88000000",
        "quoteQty": "0.00672336",
        "time": 1629986591081,
        "isBuyerMaker": true,
        "isBestMatch": true
    },
    {
        "id": 29362822,
        "price": "0.00052200",
        "qty": "3.86000000",
        "quoteQty": "0.00201492",
        "time": 1629986591178,
        "isBuyerMaker": true,
        "isBestMatch": true
    },
    {
        "id": 29362823,
        "price": "0.00052200",
        "qty": "38.37000000",
        "quoteQty": "0.02002914",
        "time": 1629986591384,
        "isBuyerMaker": true,
        "isBestMatch": true
    },
    {
        "id": 29362824,
        "price": "0.00052200",
        "qty": "2.59000000",
        "quoteQty": "0.00135198",
        "time": 1629986591394,
        "isBuyerMaker": true,
        "isBestMatch": true
    },
    {
        "id": 29362825,
        "price": "0.00052180",
        "qty": "10.75000000",
        "quoteQty": "0.00560935",
        "time": 1629986592575,
        "isBuyerMaker": true,
        "isBestMatch": true
    },
    {
        "id": 29362826,
        "price": "0.00052210",
        "qty": "1.00000000",
        "quoteQty": "0.00052210",
        "time": 1629986594139,
        "isBuyerMaker": false,
        "isBestMatch": true
    },
    {
        "id": 29362827,
        "price": "0.00052210",
        "qty": "0.06000000",
        "quoteQty": "0.00003132",
        "time": 1629986595323,
        "isBuyerMaker": false,
        "isBestMatch": true
    },
    {
        "id": 29362828,
        "price": "0.00052210",
        "qty": "0.20000000",
        "quoteQty": "0.00010442",
        "time": 1629986595323,
        "isBuyerMaker": false,
        "isBestMatch": true
    },
    {
        "id": 29362829,
        "price": "0.00052210",
        "qty": "0.30000000",
        "quoteQty": "0.00015663",
        "time": 1629986595323,
        "isBuyerMaker": false,
        "isBestMatch": true
    },
    {
        "id": 29362830,
        "price": "0.00052190",
        "qty": "0.30000000",
        "quoteQty": "0.00015657",
        "time": 1629986595556,
        "isBuyerMaker": true,
        "isBestMatch": true
    },
    {
        "id": 29362831,
        "price": "0.00052180",
        "qty": "38.05000000",
        "quoteQty": "0.01985449",
        "time": 1629986595556,
        "isBuyerMaker": true,
        "isBestMatch": true
    },
    {
        "id": 29362832,
        "price": "0.00052180",
        "qty": "15.11000000",
        "quoteQty": "0.00788439",
        "time": 1629986595577,
        "isBuyerMaker": true,
        "isBestMatch": true
    },
    {
        "id": 29362833,
        "price": "0.00052210",
        "qty": "0.30000000",
        "quoteQty": "0.00015663",
        "time": 1629986595647,
        "isBuyerMaker": false,
        "isBestMatch": true
    },
    {
        "id": 29362834,
        "price": "0.00052220",
        "qty": "1.20000000",
        "quoteQty": "0.00062664",
        "time": 1629986595888,
        "isBuyerMaker": false,
        "isBestMatch": true
    },
    {
        "id": 29362835,
        "price": "0.00052220",
        "qty": "7.52000000",
        "quoteQty": "0.00392694",
        "time": 1629986595888,
        "isBuyerMaker": false,
        "isBestMatch": true
    },
    {
        "id": 29362836,
        "price": "0.00052190",
        "qty": "0.30000000",
        "quoteQty": "0.00015657",
        "time": 1629986597523,
        "isBuyerMaker": true,
        "isBestMatch": true
    },
    {
        "id": 29362837,
        "price": "0.00052170",
        "qty": "15.96000000",
        "quoteQty": "0.00832633",
        "time": 1629986597523,
        "isBuyerMaker": true,
        "isBestMatch": true
    },
    {
        "id": 29362838,
        "price": "0.00052210",
        "qty": "0.30000000",
        "quoteQty": "0.00015663",
        "time": 1629986597846,
        "isBuyerMaker": false,
        "isBestMatch": true
    },
    {
        "id": 29362839,
        "price": "0.00052200",
        "qty": "3.85000000",
        "quoteQty": "0.00200970",
        "time": 1629986599791,
        "isBuyerMaker": false,
        "isBestMatch": true
    },
    {
        "id": 29362840,
        "price": "0.00052200",
        "qty": "0.30000000",
        "quoteQty": "0.00015660",
        "time": 1629986600242,
        "isBuyerMaker": true,
        "isBestMatch": true
    },
    {
        "id": 29362841,
        "price": "0.00052190",
        "qty": "38.05000000",
        "quoteQty": "0.01985829",
        "time": 1629986600242,
        "isBuyerMaker": true,
        "isBestMatch": true
    },
    {
        "id": 29362842,
        "price": "0.00052200",
        "qty": "0.30000000",
        "quoteQty": "0.00015660",
        "time": 1629986600282,
        "isBuyerMaker": true,
        "isBestMatch": true
    },
    {
        "id": 29362843,
        "price": "0.00052190",
        "qty": "22.52000000",
        "quoteQty": "0.01175318",
        "time": 1629986600282,
        "isBuyerMaker": true,
        "isBestMatch": true
    },
    {
        "id": 29362844,
        "price": "0.00052170",
        "qty": "8.49000000",
        "quoteQty": "0.00442923",
        "time": 1629986600481,
        "isBuyerMaker": true,
        "isBestMatch": true
    },
    {
        "id": 29362845,
        "price": "0.00052210",
        "qty": "0.30000000",
        "quoteQty": "0.00015663",
        "time": 1629986601230,
        "isBuyerMaker": false,
        "isBestMatch": true
    },
    {
        "id": 29362846,
        "price": "0.00052220",
        "qty": "0.47000000",
        "quoteQty": "0.00024543",
        "time": 1629986601230,
        "isBuyerMaker": false,
        "isBestMatch": true
    },
    {
        "id": 29362847,
        "price": "0.00052170",
        "qty": "2.62000000",
        "quoteQty": "0.00136685",
        "time": 1629986601248,
        "isBuyerMaker": true,
        "isBestMatch": true
    },
    {
        "id": 29362848,
        "price": "0.00052210",
        "qty": "0.30000000",
        "quoteQty": "0.00015663",
        "time": 1629986601452,
        "isBuyerMaker": false,
        "isBestMatch": true
    },
    {
        "id": 29362849,
        "price": "0.00052220",
        "qty": "10.51000000",
        "quoteQty": "0.00548832",
        "time": 1629986601969,
        "isBuyerMaker": false,
        "isBestMatch": true
    },
    {
        "id": 29362850,
        "price": "0.00052230",
        "qty": "0.86000000",
        "quoteQty": "0.00044917",
        "time": 1629986601969,
        "isBuyerMaker": false,
        "isBestMatch": true
    },
    {
        "id": 29362851,
        "price": "0.00052230",
        "qty": "0.40000000",
        "quoteQty": "0.00020892",
        "time": 1629986601969,
        "isBuyerMaker": false,
        "isBestMatch": true
    },
    {
        "id": 29362852,
        "price": "0.00052230",
        "qty": "1.14000000",
        "quoteQty": "0.00059542",
        "time": 1629986601969,
        "isBuyerMaker": false,
        "isBestMatch": true
    },
    {
        "id": 29362853,
        "price": "0.00052230",
        "qty": "2.09000000",
        "quoteQty": "0.00109160",
        "time": 1629986601969,
        "isBuyerMaker": false,
        "isBestMatch": true
    },
    {
        "id": 29362854,
        "price": "0.00052230",
        "qty": "2.45000000",
        "quoteQty": "0.00127963",
        "time": 1629986601969,
        "isBuyerMaker": false,
        "isBestMatch": true
    },
    {
        "id": 29362855,
        "price": "0.00052230",
        "qty": "4.90000000",
        "quoteQty": "0.00255927",
        "time": 1629986601969,
        "isBuyerMaker": false,
        "isBestMatch": true
    },
    {
        "id": 29362856,
        "price": "0.00052240",
        "qty": "1.00000000",
        "quoteQty": "0.00052240",
        "time": 1629986601969,
        "isBuyerMaker": false,
        "isBestMatch": true
    },
    {
        "id": 29362857,
        "price": "0.00052240",
        "qty": "0.96000000",
        "quoteQty": "0.00050150",
        "time": 1629986601969,
        "isBuyerMaker": false,
        "isBestMatch": true
    },
    {
        "id": 29362858,
        "price": "0.00052240",
        "qty": "3.98000000",
        "quoteQty": "0.00207915",
        "time": 1629986601969,
        "isBuyerMaker": false,
        "isBestMatch": true
    },
    {
        "id": 29362859,
        "price": "0.00052180",
        "qty": "0.30000000",
        "quoteQty": "0.00015654",
        "time": 1629986601981,
        "isBuyerMaker": true,
        "isBestMatch": true
    },
    {
        "id": 29362860,
        "price": "0.00052180",
        "qty": "3.87000000",
        "quoteQty": "0.00201936",
        "time": 1629986601981,
        "isBuyerMaker": true,
        "isBestMatch": true
    },
    {
        "id": 29362861,
        "price": "0.00052200",
        "qty": "0.30000000",
        "quoteQty": "0.00015660",
        "time": 1629986603260,
        "isBuyerMaker": true,
        "isBestMatch": true
    },
    {
        "id": 29362862,
        "price": "0.00052190",
        "qty": "1.19000000",
        "quoteQty": "0.00062106",
        "time": 1629986603260,
        "isBuyerMaker": true,
        "isBestMatch": true
    },
    {
        "id": 29362863,
        "price": "0.00052190",
        "qty": "75.20000000",
        "quoteQty": "0.03924688",
        "time": 1629986603260,
        "isBuyerMaker": true,
        "isBestMatch": true
    },
    {
        "id": 29362864,
        "price": "0.00052190",
        "qty": "29.51000000",
        "quoteQty": "0.01540126",
        "time": 1629986603285,
        "isBuyerMaker": true,
        "isBestMatch": true
    },
    {
        "id": 29362865,
        "price": "0.00052190",
        "qty": "3.48000000",
        "quoteQty": "0.00181621",
        "time": 1629986603583,
        "isBuyerMaker": true,
        "isBestMatch": true
    },
    {
        "id": 29362866,
        "price": "0.00052190",
        "qty": "5.36000000",
        "quoteQty": "0.00279738",
        "time": 1629986603583,
        "isBuyerMaker": true,
        "isBestMatch": true
    },
    {
        "id": 29362867,
        "price": "0.00052220",
        "qty": "0.30000000",
        "quoteQty": "0.00015666",
        "time": 1629986605008,
        "isBuyerMaker": false,
        "isBestMatch": true
    },
    {
        "id": 29362868,
        "price": "0.00052230",
        "qty": "0.30000000",
        "quoteQty": "0.00015669",
        "time": 1629986606092,
        "isBuyerMaker": false,
        "isBestMatch": true
    },
    {
        "id": 29362869,
        "price": "0.00052220",
        "qty": "0.30000000",
        "quoteQty": "0.00015666",
        "time": 1629986606287,
        "isBuyerMaker": true,
        "isBestMatch": true
    },
    {
        "id": 29362870,
        "price": "0.00052220",
        "qty": "2.47000000",
        "quoteQty": "0.00128983",
        "time": 1629986606287,
        "isBuyerMaker": true,
        "isBestMatch": true
    },
    {
        "id": 29362871,
        "price": "0.00052240",
        "qty": "0.30000000",
        "quoteQty": "0.00015672",
        "time": 1629986607762,
        "isBuyerMaker": false,
        "isBestMatch": true
    },
    {
        "id": 29362872,
        "price": "0.00052250",
        "qty": "0.56000000",
        "quoteQty": "0.00029260",
        "time": 1629986610906,
        "isBuyerMaker": false,
        "isBestMatch": true
    },
    {
        "id": 29362873,
        "price": "0.00052250",
        "qty": "0.44000000",
        "quoteQty": "0.00022990",
        "time": 1629986610906,
        "isBuyerMaker": false,
        "isBestMatch": true
    },
    {
        "id": 29362874,
        "price": "0.00052250",
        "qty": "0.96000000",
        "quoteQty": "0.00050160",
        "time": 1629986612837,
        "isBuyerMaker": false,
        "isBestMatch": true
    },
    {
        "id": 29362875,
        "price": "0.00052250",
        "qty": "0.30000000",
        "quoteQty": "0.00015675",
        "time": 1629986612837,
        "isBuyerMaker": false,
        "isBestMatch": true
    },
    {
        "id": 29362876,
        "price": "0.00052250",
        "qty": "11.54000000",
        "quoteQty": "0.00602965",
        "time": 1629986612837,
        "isBuyerMaker": false,
        "isBestMatch": true
    },
    {
        "id": 29362877,
        "price": "0.00052250",
        "qty": "5.68000000",
        "quoteQty": "0.00296780",
        "time": 1629986612841,
        "isBuyerMaker": false,
        "isBestMatch": true
    },
    {
        "id": 29362878,
        "price": "0.00052250",
        "qty": "4.85000000",
        "quoteQty": "0.00253412",
        "time": 1629986612841,
        "isBuyerMaker": false,
        "isBestMatch": true
    },
    {
        "id": 29362879,
        "price": "0.00052250",
        "qty": "15.70000000",
        "quoteQty": "0.00820325",
        "time": 1629986612844,
        "isBuyerMaker": false,
        "isBestMatch": true
    },
    {
        "id": 29362880,
        "price": "0.00052230",
        "qty": "0.30000000",
        "quoteQty": "0.00015669",
        "time": 1629986613488,
        "isBuyerMaker": true,
        "isBestMatch": true
    },
    {
        "id": 29362881,
        "price": "0.00052230",
        "qty": "12.51000000",
        "quoteQty": "0.00653397",
        "time": 1629986613488,
        "isBuyerMaker": true,
        "isBestMatch": true
    },
    {
        "id": 29362882,
        "price": "0.00052250",
        "qty": "0.30000000",
        "quoteQty": "0.00015675",
        "time": 1629986613524,
        "isBuyerMaker": false,
        "isBestMatch": true
    },
    {
        "id": 29362883,
        "price": "0.00052240",
        "qty": "0.30000000",
        "quoteQty": "0.00015672",
        "time": 1629986615272,
        "isBuyerMaker": true,
        "isBestMatch": true
    },
    {
        "id": 29362884,
        "price": "0.00052240",
        "qty": "0.30000000",
        "quoteQty": "0.00015672",
        "time": 1629986622126,
        "isBuyerMaker": false,
        "isBestMatch": true
    },
    {
        "id": 29362885,
        "price": "0.00052250",
        "qty": "14.98000000",
        "quoteQty": "0.00782705",
        "time": 1629986622151,
        "isBuyerMaker": false,
        "isBestMatch": true
    },
    {
        "id": 29362886,
        "price": "0.00052230",
        "qty": "0.30000000",
        "quoteQty": "0.00015669",
        "time": 1629986622594,
        "isBuyerMaker": true,
        "isBestMatch": true
    },
    {
        "id": 29362887,
        "price": "0.00052230",
        "qty": "7.99000000",
        "quoteQty": "0.00417317",
        "time": 1629986622594,
        "isBuyerMaker": true,
        "isBestMatch": true
    },
    {
        "id": 29362888,
        "price": "0.00052250",
        "qty": "0.30000000",
        "quoteQty": "0.00015675",
        "time": 1629986623575,
        "isBuyerMaker": false,
        "isBestMatch": true
    },
    {
        "id": 29362889,
        "price": "0.00052260",
        "qty": "1.15000000",
        "quoteQty": "0.00060099",
        "time": 1629986623598,
        "isBuyerMaker": false,
        "isBestMatch": true
    },
    {
        "id": 29362890,
        "price": "0.00052240",
        "qty": "0.30000000",
        "quoteQty": "0.00015672",
        "time": 1629986623995,
        "isBuyerMaker": true,
        "isBestMatch": true
    },
    {
        "id": 29362891,
        "price": "0.00052240",
        "qty": "2.60000000",
        "quoteQty": "0.00135824",
        "time": 1629986623995,
        "isBuyerMaker": true,
        "isBestMatch": true
    },
    {
        "id": 29362892,
        "price": "0.00052260",
        "qty": "1.65000000",
        "quoteQty": "0.00086229",
        "time": 1629986625146,
        "isBuyerMaker": false,
        "isBestMatch": true
    },
    {
        "id": 29362893,
        "price": "0.00052260",
        "qty": "0.39000000",
        "quoteQty": "0.00020381",
        "time": 1629986625146,
        "isBuyerMaker": false,
        "isBestMatch": true
    },
    {
        "id": 29362894,
        "price": "0.00052260",
        "qty": "1.78000000",
        "quoteQty": "0.00093022",
        "time": 1629986625146,
        "isBuyerMaker": false,
        "isBestMatch": true
    },
    {
        "id": 29362895,
        "price": "0.00052260",
        "qty": "0.21000000",
        "quoteQty": "0.00010974",
        "time": 1629986625146,
        "isBuyerMaker": false,
        "isBestMatch": true
    },
    {
        "id": 29362896,
        "price": "0.00052250",
        "qty": "0.30000000",
        "quoteQty": "0.00015675",
        "time": 1629986625189,
        "isBuyerMaker": true,
        "isBestMatch": true
    },
    {
        "id": 29362897,
        "price": "0.00052250",
        "qty": "1.77000000",
        "quoteQty": "0.00092482",
        "time": 1629986625189,
        "isBuyerMaker": true,
        "isBestMatch": true
    },
    {
        "id": 29362898,
        "price": "0.00052260",
        "qty": "0.17000000",
        "quoteQty": "0.00008884",
        "time": 1629986625192,
        "isBuyerMaker": false,
        "isBestMatch": true
    },
    {
        "id": 29362899,
        "price": "0.00052260",
        "qty": "0.78000000",
        "quoteQty": "0.00040762",
        "time": 1629986625192,
        "isBuyerMaker": false,
        "isBestMatch": true
    },
    {
        "id": 29362900,
        "price": "0.00052260",
        "qty": "2.42000000",
        "quoteQty": "0.00126469",
        "time": 1629986625333,
        "isBuyerMaker": false,
        "isBestMatch": true
    },
    {
        "id": 29362901,
        "price": "0.00052260",
        "qty": "1.22000000",
        "quoteQty": "0.00063757",
        "time": 1629986625333,
        "isBuyerMaker": false,
        "isBestMatch": true
    },
    {
        "id": 29362902,
        "price": "0.00052260",
        "qty": "7.45000000",
        "quoteQty": "0.00389337",
        "time": 1629986625333,
        "isBuyerMaker": false,
        "isBestMatch": true
    },
    {
        "id": 29362903,
        "price": "0.00052250",
        "qty": "1.99000000",
        "quoteQty": "0.00103977",
        "time": 1629986625341,
        "isBuyerMaker": true,
        "isBestMatch": true
    },
    {
        "id": 29362904,
        "price": "0.00052260",
        "qty": "32.65000000",
        "quoteQty": "0.01706289",
        "time": 1629986625364,
        "isBuyerMaker": false,
        "isBestMatch": true
    },
    {
        "id": 29362905,
        "price": "0.00052260",
        "qty": "1.00000000",
        "quoteQty": "0.00052260",
        "time": 1629986625364,
        "isBuyerMaker": false,
        "isBestMatch": true
    },
    {
        "id": 29362906,
        "price": "0.00052250",
        "qty": "12.92000000",
        "quoteQty": "0.00675070",
        "time": 1629986625496,
        "isBuyerMaker": true,
        "isBestMatch": true
    },
    {
        "id": 29362907,
        "price": "0.00052260",
        "qty": "0.60000000",
        "quoteQty": "0.00031356",
        "time": 1629986625665,
        "isBuyerMaker": false,
        "isBestMatch": true
    },
    {
        "id": 29362908,
        "price": "0.00052250",
        "qty": "4.05000000",
        "quoteQty": "0.00211612",
        "time": 1629986625673,
        "isBuyerMaker": true,
        "isBestMatch": true
    },
    {
        "id": 29362909,
        "price": "0.00052270",
        "qty": "0.65000000",
        "quoteQty": "0.00033975",
        "time": 1629986625846,
        "isBuyerMaker": false,
        "isBestMatch": true
    },
    {
        "id": 29362910,
        "price": "0.00052270",
        "qty": "0.39000000",
        "quoteQty": "0.00020385",
        "time": 1629986625846,
        "isBuyerMaker": false,
        "isBestMatch": true
    },
    {
        "id": 29362911,
        "price": "0.00052270",
        "qty": "1.63000000",
        "quoteQty": "0.00085200",
        "time": 1629986625846,
        "isBuyerMaker": false,
        "isBestMatch": true
    },
    {
        "id": 29362912,
        "price": "0.00052270",
        "qty": "5.40000000",
        "quoteQty": "0.00282258",
        "time": 1629986625846,
        "isBuyerMaker": false,
        "isBestMatch": true
    },
    {
        "id": 29362913,
        "price": "0.00052260",
        "qty": "0.30000000",
        "quoteQty": "0.00015678",
        "time": 1629986626436,
        "isBuyerMaker": true,
        "isBestMatch": true
    },
    {
        "id": 29362914,
        "price": "0.00052250",
        "qty": "0.30000000",
        "quoteQty": "0.00015675",
        "time": 1629986627796,
        "isBuyerMaker": true,
        "isBestMatch": true
    },
    {
        "id": 29362915,
        "price": "0.00052250",
        "qty": "3.36000000",
        "quoteQty": "0.00175560",
        "time": 1629986627796,
        "isBuyerMaker": true,
        "isBestMatch": true
    },
    {
        "id": 29362916,
        "price": "0.00052260",
        "qty": "0.30000000",
        "quoteQty": "0.00015678",
        "time": 1629986631102,
        "isBuyerMaker": false,
        "isBestMatch": true
    },
    {
        "id": 29362917,
        "price": "0.00052270",
        "qty": "0.30000000",
        "quoteQty": "0.00015681",
        "time": 1629986634018,
        "isBuyerMaker": false,
        "isBestMatch": true
    },
    {
        "id": 29362918,
        "price": "0.00052280",
        "qty": "0.69000000",
        "quoteQty": "0.00036073",
        "time": 1629986634018,
        "isBuyerMaker": false,
        "isBestMatch": true
    },
    {
        "id": 29362919,
        "price": "0.00052280",
        "qty": "0.96000000",
        "quoteQty": "0.00050188",
        "time": 1629986634562,
        "isBuyerMaker": false,
        "isBestMatch": true
    },
