[
    {
        "id": 7371888,
        "price": "0.00682900",
        "qty": "14.00000000",
        "quoteQty": "0.09560600",
        "time": 1629625534911,
        "isBuyerMaker": false,
        "isBestMatch": true
    },
    {
        "id": 7371889,
        "price": "0.00682900",
        "qty": "20.00000000",
        "quoteQty": "0.13658000",
        "time": 1629625534911,
        "isBuyerMaker": false,
        "isBestMatch": true
    },
    {
        "id": 7371890,
        "price": "0.00682900",
        "qty": "21.00000000",
        "quoteQty": "0.14340900",
        "time": 1629625534911,
        "isBuyerMaker": false,
        "isBestMatch": true
    },
    {
        "id": 7371891,
        "price": "0.00682900",
        "qty": "144.00000000",
        "quoteQty": "0.98337600",
        "time": 1629625534911,
        "isBuyerMaker": false,
        "isBestMatch": true
    },
    {
        "id": 7371892,
        "price": "0.00683200",
        "qty": "26.00000000",
        "quoteQty": "0.17763200",
        "time": 1629625534938,
        "isBuyerMaker": false,
        "isBestMatch": true
    },
    {
        "id": 7371893,
        "price": "0.00683300",
        "qty": "15.00000000",
        "quoteQty": "0.10249500",
        "time": 1629625534995,
        "isBuyerMaker": false,
        "isBestMatch": true
    },
    {
        "id": 7371894,
        "price": "0.00683300",
        "qty": "32.00000000",
        "quoteQty": "0.21865600",
        "time": 1629625534995,
        "isBuyerMaker": false,
        "isBestMatch": true
    },
    {
        "id": 7371895,
        "price": "0.00683400",
        "qty": "14.00000000",
        "quoteQty": "0.09567600",
        "time": 1629625535146,
        "isBuyerMaker": false,
        "isBestMatch": true
    },
    {
        "id": 7371896,
        "price": "0.00683400",
        "qty": "79.00000000",
        "quoteQty": "0.53988600",
        "time": 1629625535146,
        "isBuyerMaker": false,
        "isBestMatch": true
    },
    {
        "id": 7371897,
        "price": "0.00683600",
        "qty": "14.00000000",
        "quoteQty": "0.09570400",
        "time": 1629625535156,
        "isBuyerMaker": false,
        "isBestMatch": true
    },
    {
        "id": 7371898,
        "price": "0.00683600",
        "qty": "19.00000000",
        "quoteQty": "0.12988400",
        "time": 1629625535156,
        "isBuyerMaker": false,
        "isBestMatch": true
    },
    {
        "id": 7371899,
        "price": "0.00683100",
        "qty": "43.00000000",
        "quoteQty": "0.29373300",
        "time": 1629625536141,
        "isBuyerMaker": true,
        "isBestMatch": true
    },
    {
        "id": 7371900,
        "price": "0.00683100",
        "qty": "448.00000000",
        "quoteQty": "3.06028800",
        "time": 1629625536141,
        "isBuyerMaker": true,
        "isBestMatch": true
    },
    {
        "id": 7371901,
        "price": "0.00683000",
        "qty": "151.00000000",
        "quoteQty": "1.03133000",
        "time": 1629625536141,
        "isBuyerMaker": true,
        "isBestMatch": true
    },
    {
        "id": 7371902,
        "price": "0.00683000",
        "qty": "70.00000000",
        "quoteQty": "0.47810000",
        "time": 1629625536143,
        "isBuyerMaker": true,
        "isBestMatch": true
    },
    {
        "id": 7371903,
        "price": "0.00683000",
        "qty": "409.00000000",
        "quoteQty": "2.79347000",
        "time": 1629625536313,
        "isBuyerMaker": true,
        "isBestMatch": true
    },
    {
        "id": 7371904,
        "price": "0.00683700",
        "qty": "22.00000000",
        "quoteQty": "0.15041400",
        "time": 1629625537376,
        "isBuyerMaker": false,
        "isBestMatch": true
    },
    {
        "id": 7371905,
        "price": "0.00684000",
        "qty": "15.00000000",
        "quoteQty": "0.10260000",
        "time": 1629625537393,
        "isBuyerMaker": false,
        "isBestMatch": true
    },
    {
        "id": 7371906,
        "price": "0.00684000",
        "qty": "11.00000000",
        "quoteQty": "0.07524000",
        "time": 1629625537393,
        "isBuyerMaker": false,
        "isBestMatch": true
    },
    {
        "id": 7371907,
        "price": "0.00684100",
        "qty": "15.00000000",
        "quoteQty": "0.10261500",
        "time": 1629625537441,
        "isBuyerMaker": false,
        "isBestMatch": true
    },
    {
        "id": 7371908,
        "price": "0.00683800",
        "qty": "639.00000000",
        "quoteQty": "4.36948200",
        "time": 1629625537581,
        "isBuyerMaker": true,
        "isBestMatch": true
    },
    {
        "id": 7371909,
        "price": "0.00683600",
        "qty": "129.00000000",
        "quoteQty": "0.88184400",
        "time": 1629625537859,
        "isBuyerMaker": false,
        "isBestMatch": true
    },
    {
        "id": 7371910,
        "price": "0.00684100",
        "qty": "92.00000000",
        "quoteQty": "0.62937200",
        "time": 1629625540753,
        "isBuyerMaker": false,
        "isBestMatch": true
    },
    {
        "id": 7371911,
        "price": "0.00684200",
        "qty": "639.00000000",
        "quoteQty": "4.37203800",
        "time": 1629625540957,
        "isBuyerMaker": true,
        "isBestMatch": true
    },
    {
        "id": 7371912,
        "price": "0.00683500",
        "qty": "3.00000000",
        "quoteQty": "0.02050500",
        "time": 1629625540957,
        "isBuyerMaker": true,
        "isBestMatch": true
    },
    {
        "id": 7371913,
        "price": "0.00684300",
        "qty": "59.00000000",
        "quoteQty": "0.40373700",
        "time": 1629625541092,
        "isBuyerMaker": false,
        "isBestMatch": true
    },
    {
        "id": 7371914,
        "price": "0.00684300",
        "qty": "69.00000000",
        "quoteQty": "0.47216700",
        "time": 1629625541168,
        "isBuyerMaker": true,
        "isBestMatch": true
    },
    {
        "id": 7371915,
        "price": "0.00684300",
        "qty": "300.00000000",
        "quoteQty": "2.05290000",
        "time": 1629625541455,
        "isBuyerMaker": true,
        "isBestMatch": true
    },
    {
        "id": 7371916,
        "price": "0.00684300",
        "qty": "115.00000000",
        "quoteQty": "0.78694500",
        "time": 1629625541455,
        "isBuyerMaker": true,
        "isBestMatch": true
    },
    {
        "id": 7371917,
        "price": "0.00684300",
        "qty": "69.00000000",
        "quoteQty": "0.47216700",
        "time": 1629625542038,
        "isBuyerMaker": true,
        "isBestMatch": true
    },
    {
        "id": 7371918,
        "price": "0.00683600",
        "qty": "69.00000000",
        "quoteQty": "0.47168400",
        "time": 1629625542368,
        "isBuyerMaker": true,
        "isBestMatch": true
    },
    {
        "id": 7371919,
        "price": "0.00683600",
        "qty": "250.00000000",
        "quoteQty": "1.70900000",
        "time": 1629625542369,
        "isBuyerMaker": true,
        "isBestMatch": true
    },
    {
        "id": 7371920,
        "price": "0.00684100",
        "qty": "23.00000000",
        "quoteQty": "0.15734300",
        "time": 1629625542809,
        "isBuyerMaker": false,
        "isBestMatch": true
    },
    {
        "id": 7371921,
        "price": "0.00684600",
        "qty": "14.00000000",
        "quoteQty": "0.09584400",
        "time": 1629625542809,
        "isBuyerMaker": false,
        "isBestMatch": true
    },
    {
        "id": 7371922,
        "price": "0.00684600",
        "qty": "203.00000000",
        "quoteQty": "1.38973800",
        "time": 1629625542817,
        "isBuyerMaker": true,
        "isBestMatch": true
    },
    {
        "id": 7371923,
        "price": "0.00683600",
        "qty": "163.00000000",
        "quoteQty": "1.11426800",
        "time": 1629625544385,
        "isBuyerMaker": true,
        "isBestMatch": true
    },
    {
        "id": 7371924,
        "price": "0.00683200",
        "qty": "337.00000000",
        "quoteQty": "2.30238400",
        "time": 1629625546148,
        "isBuyerMaker": true,
        "isBestMatch": true
    },
    {
        "id": 7371925,
        "price": "0.00683200",
        "qty": "57.00000000",
        "quoteQty": "0.38942400",
        "time": 1629625546148,
        "isBuyerMaker": true,
        "isBestMatch": true
    },
    {
        "id": 7371926,
        "price": "0.00683200",
        "qty": "159.00000000",
        "quoteQty": "1.08628800",
        "time": 1629625546148,
        "isBuyerMaker": true,
        "isBestMatch": true
    },
    {
        "id": 7371927,
        "price": "0.00683200",
        "qty": "5.00000000",
        "quoteQty": "0.03416000",
        "time": 1629625546157,
        "isBuyerMaker": true,
        "isBestMatch": true
    },
    {
        "id": 7371928,
        "price": "0.00683100",
        "qty": "127.00000000",
        "quoteQty": "0.86753700",
        "time": 1629625546166,
        "isBuyerMaker": true,
        "isBestMatch": true
    },
    {
        "id": 7371929,
        "price": "0.00683400",
        "qty": "57.00000000",
        "quoteQty": "0.38953800",
        "time": 1629625546457,
        "isBuyerMaker": true,
        "isBestMatch": true
    },
    {
        "id": 7371930,
        "price": "0.00683100",
        "qty": "127.00000000",
        "quoteQty": "0.86753700",
        "time": 1629625547395,
        "isBuyerMaker": true,
        "isBestMatch": true
    },
    {
        "id": 7371931,
        "price": "0.00682600",
        "qty": "70.00000000",
        "quoteQty": "0.47782000",
        "time": 1629625547675,
        "isBuyerMaker": true,
        "isBestMatch": true
    },
    {
        "id": 7371932,
        "price": "0.00682500",
        "qty": "364.00000000",
        "quoteQty": "2.48430000",
        "time": 1629625547682,
        "isBuyerMaker": true,
        "isBestMatch": true
    },
    {
        "id": 7371933,
        "price": "0.00682600",
        "qty": "126.00000000",
        "quoteQty": "0.86007600",
        "time": 1629625550551,
        "isBuyerMaker": true,
        "isBestMatch": true
    },
    {
        "id": 7371934,
        "price": "0.00682100",
        "qty": "249.00000000",
        "quoteQty": "1.69842900",
        "time": 1629625550607,
        "isBuyerMaker": true,
        "isBestMatch": true
    },
    {
        "id": 7371935,
        "price": "0.00682100",
        "qty": "70.00000000",
        "quoteQty": "0.47747000",
        "time": 1629625550607,
        "isBuyerMaker": true,
        "isBestMatch": true
    },
    {
        "id": 7371936,
        "price": "0.00682000",
        "qty": "202.00000000",
        "quoteQty": "1.37764000",
        "time": 1629625553248,
        "isBuyerMaker": true,
        "isBestMatch": true
    },
    {
        "id": 7371937,
        "price": "0.00681800",
        "qty": "125.00000000",
        "quoteQty": "0.85225000",
        "time": 1629625554810,
        "isBuyerMaker": true,
        "isBestMatch": true
    },
    {
        "id": 7371938,
        "price": "0.00682100",
        "qty": "100.00000000",
        "quoteQty": "0.68210000",
        "time": 1629625558090,
        "isBuyerMaker": false,
        "isBestMatch": true
    },
    {
        "id": 7371939,
        "price": "0.00682800",
        "qty": "209.00000000",
        "quoteQty": "1.42705200",
        "time": 1629625564450,
        "isBuyerMaker": false,
        "isBestMatch": true
    },
    {
        "id": 7371940,
        "price": "0.00682500",
        "qty": "8.00000000",
        "quoteQty": "0.05460000",
        "time": 1629625574104,
        "isBuyerMaker": false,
        "isBestMatch": true
    },
    {
        "id": 7371941,
        "price": "0.00681600",
        "qty": "198.00000000",
        "quoteQty": "1.34956800",
        "time": 1629625575619,
        "isBuyerMaker": true,
        "isBestMatch": true
    },
    {
        "id": 7371942,
        "price": "0.00681600",
        "qty": "190.00000000",
        "quoteQty": "1.29504000",
        "time": 1629625575619,
        "isBuyerMaker": true,
        "isBestMatch": true
    },
    {
        "id": 7371943,
        "price": "0.00680700",
        "qty": "1604.00000000",
        "quoteQty": "10.91842800",
        "time": 1629625578133,
        "isBuyerMaker": true,
        "isBestMatch": true
    },
    {
        "id": 7371944,
        "price": "0.00680500",
        "qty": "15.00000000",
        "quoteQty": "0.10207500",
        "time": 1629625578354,
        "isBuyerMaker": true,
        "isBestMatch": true
    },
    {
        "id": 7371945,
        "price": "0.00681100",
        "qty": "130.00000000",
        "quoteQty": "0.88543000",
        "time": 1629625578552,
        "isBuyerMaker": true,
        "isBestMatch": true
    },
    {
        "id": 7371946,
        "price": "0.00681200",
        "qty": "80.00000000",
        "quoteQty": "0.54496000",
        "time": 1629625579748,
        "isBuyerMaker": false,
        "isBestMatch": true
    },
    {
        "id": 7371947,
        "price": "0.00679900",
        "qty": "14.00000000",
        "quoteQty": "0.09518600",
        "time": 1629625579988,
        "isBuyerMaker": true,
        "isBestMatch": true
    },
    {
        "id": 7371948,
        "price": "0.00679700",
        "qty": "14.00000000",
        "quoteQty": "0.09515800",
        "time": 1629625580207,
        "isBuyerMaker": true,
        "isBestMatch": true
    },
    {
        "id": 7371949,
        "price": "0.00680200",
        "qty": "35.00000000",
        "quoteQty": "0.23807000",
        "time": 1629625581579,
        "isBuyerMaker": false,
        "isBestMatch": true
    },
    {
        "id": 7371950,
        "price": "0.00680400",
        "qty": "124.00000000",
        "quoteQty": "0.84369600",
        "time": 1629625581579,
        "isBuyerMaker": false,
        "isBestMatch": true
    },
    {
        "id": 7371951,
        "price": "0.00679400",
        "qty": "15.00000000",
        "quoteQty": "0.10191000",
        "time": 1629625581771,
        "isBuyerMaker": true,
        "isBestMatch": true
    },
    {
        "id": 7371952,
        "price": "0.00680300",
        "qty": "57.00000000",
        "quoteQty": "0.38777100",
        "time": 1629625582761,
        "isBuyerMaker": false,
        "isBestMatch": true
    },
    {
        "id": 7371953,
        "price": "0.00680400",
        "qty": "23.00000000",
        "quoteQty": "0.15649200",
        "time": 1629625582761,
        "isBuyerMaker": false,
        "isBestMatch": true
    },
    {
        "id": 7371954,
        "price": "0.00679100",
        "qty": "38.00000000",
        "quoteQty": "0.25805800",
        "time": 1629625583044,
        "isBuyerMaker": true,
        "isBestMatch": true
    },
    {
        "id": 7371955,
        "price": "0.00679100",
        "qty": "14.00000000",
        "quoteQty": "0.09507400",
        "time": 1629625583044,
        "isBuyerMaker": true,
        "isBestMatch": true
    },
    {
        "id": 7371956,
        "price": "0.00679000",
        "qty": "44.00000000",
        "quoteQty": "0.29876000",
        "time": 1629625583254,
        "isBuyerMaker": true,
        "isBestMatch": true
    },
    {
        "id": 7371957,
        "price": "0.00680000",
        "qty": "57.00000000",
        "quoteQty": "0.38760000",
        "time": 1629625584575,
        "isBuyerMaker": false,
        "isBestMatch": true
    },
    {
        "id": 7371958,
        "price": "0.00680100",
        "qty": "90.00000000",
        "quoteQty": "0.61209000",
        "time": 1629625584575,
        "isBuyerMaker": false,
        "isBestMatch": true
    },
    {
        "id": 7371959,
        "price": "0.00680100",
        "qty": "44.00000000",
        "quoteQty": "0.29924400",
        "time": 1629625586436,
        "isBuyerMaker": false,
        "isBestMatch": true
    },
    {
        "id": 7371960,
        "price": "0.00680300",
        "qty": "68.00000000",
        "quoteQty": "0.46260400",
        "time": 1629625593386,
        "isBuyerMaker": true,
        "isBestMatch": true
    },
    {
        "id": 7371961,
        "price": "0.00680300",
        "qty": "44.00000000",
        "quoteQty": "0.29933200",
        "time": 1629625593386,
        "isBuyerMaker": true,
        "isBestMatch": true
    },
    {
        "id": 7371962,
        "price": "0.00680200",
        "qty": "50.00000000",
        "quoteQty": "0.34010000",
        "time": 1629625593412,
        "isBuyerMaker": true,
        "isBestMatch": true
    },
    {
        "id": 7371963,
        "price": "0.00679000",
        "qty": "115.00000000",
        "quoteQty": "0.78085000",
        "time": 1629625599294,
        "isBuyerMaker": true,
        "isBestMatch": true
    },
    {
        "id": 7371964,
        "price": "0.00678800",
        "qty": "229.00000000",
        "quoteQty": "1.55445200",
        "time": 1629625600201,
        "isBuyerMaker": true,
        "isBestMatch": true
    },
    {
        "id": 7371965,
        "price": "0.00678800",
        "qty": "22.00000000",
        "quoteQty": "0.14933600",
        "time": 1629625600201,
        "isBuyerMaker": true,
        "isBestMatch": true
    },
    {
        "id": 7371966,
        "price": "0.00678700",
        "qty": "14.00000000",
        "quoteQty": "0.09501800",
        "time": 1629625601276,
        "isBuyerMaker": true,
        "isBestMatch": true
    },
    {
        "id": 7371967,
        "price": "0.00678700",
        "qty": "32.00000000",
        "quoteQty": "0.21718400",
        "time": 1629625601276,
        "isBuyerMaker": true,
        "isBestMatch": true
    },
    {
        "id": 7371968,
        "price": "0.00678500",
        "qty": "26.00000000",
        "quoteQty": "0.17641000",
        "time": 1629625601339,
        "isBuyerMaker": true,
        "isBestMatch": true
    },
    {
        "id": 7371969,
        "price": "0.00679500",
        "qty": "80.00000000",
        "quoteQty": "0.54360000",
        "time": 1629625602118,
        "isBuyerMaker": false,
        "isBestMatch": true
    },
    {
        "id": 7371970,
        "price": "0.00678400",
        "qty": "15.00000000",
        "quoteQty": "0.10176000",
        "time": 1629625603042,
        "isBuyerMaker": true,
        "isBestMatch": true
    },
    {
        "id": 7371971,
        "price": "0.00678400",
        "qty": "15.00000000",
        "quoteQty": "0.10176000",
        "time": 1629625603042,
        "isBuyerMaker": true,
        "isBestMatch": true
    },
    {
        "id": 7371972,
        "price": "0.00678500",
        "qty": "188.00000000",
        "quoteQty": "1.27558000",
        "time": 1629625605292,
        "isBuyerMaker": true,
        "isBestMatch": true
    },
    {
        "id": 7371973,
        "price": "0.00679400",
        "qty": "44.00000000",
        "quoteQty": "0.29893600",
        "time": 1629625615664,
        "isBuyerMaker": false,
        "isBestMatch": true
    },
    {
        "id": 7371974,
        "price": "0.00679500",
        "qty": "128.00000000",
        "quoteQty": "0.86976000",
        "time": 1629625615674,
        "isBuyerMaker": false,
        "isBestMatch": true
    },
    {
        "id": 7371975,
        "price": "0.00680000",
        "qty": "232.00000000",
        "quoteQty": "1.57760000",
        "time": 1629625617378,
        "isBuyerMaker": false,
        "isBestMatch": true
    },
    {
        "id": 7371976,
        "price": "0.00680400",
        "qty": "50.00000000",
        "quoteQty": "0.34020000",
        "time": 1629625622227,
        "isBuyerMaker": false,
        "isBestMatch": true
    },
    {
        "id": 7371977,
        "price": "0.00680400",
        "qty": "85.00000000",
        "quoteQty": "0.57834000",
        "time": 1629625622227,
        "isBuyerMaker": false,
        "isBestMatch": true
    },
    {
        "id": 7371978,
        "price": "0.00680700",
        "qty": "54.00000000",
        "quoteQty": "0.36757800",
        "time": 1629625625643,
        "isBuyerMaker": false,
        "isBestMatch": true
    },
    {
        "id": 7371979,
        "price": "0.00680700",
        "qty": "90.00000000",
        "quoteQty": "0.61263000",
        "time": 1629625626578,
        "isBuyerMaker": false,
        "isBestMatch": true
    },
    {
        "id": 7371980,
        "price": "0.00680700",
        "qty": "54.00000000",
        "quoteQty": "0.36757800",
        "time": 1629625626578,
        "isBuyerMaker": false,
        "isBestMatch": true
    },
    {
        "id": 7371981,
        "price": "0.00679800",
        "qty": "125.00000000",
        "quoteQty": "0.84975000",
        "time": 1629625640992,
        "isBuyerMaker": true,
        "isBestMatch": true
    },
    {
        "id": 7371982,
        "price": "0.00680100",
        "qty": "190.00000000",
        "quoteQty": "1.29219000",
        "time": 1629625645812,
        "isBuyerMaker": false,
        "isBestMatch": true
    },
    {
        "id": 7371983,
        "price": "0.00679500",
        "qty": "44.00000000",
        "quoteQty": "0.29898000",
        "time": 1629625665586,
        "isBuyerMaker": true,
        "isBestMatch": true
    },
    {
        "id": 7371984,
        "price": "0.00679200",
        "qty": "150.00000000",
        "quoteQty": "1.01880000",
        "time": 1629625672229,
        "isBuyerMaker": true,
        "isBestMatch": true
    },
    {
        "id": 7371985,
        "price": "0.00679900",
        "qty": "190.00000000",
        "quoteQty": "1.29181000",
        "time": 1629625686295,
        "isBuyerMaker": false,
        "isBestMatch": true
    },
    {
        "id": 7371986,
        "price": "0.00680200",
        "qty": "44.00000000",
        "quoteQty": "0.29928800",
        "time": 1629625686295,
        "isBuyerMaker": false,
        "isBestMatch": true
    },
    {
        "id": 7371987,
        "price": "0.00680200",
        "qty": "252.00000000",
        "quoteQty": "1.71410400",
        "time": 1629625686295,
        "isBuyerMaker": false,
        "isBestMatch": true
    },
    {
        "id": 7371988,
        "price": "0.00680100",
        "qty": "161.00000000",
        "quoteQty": "1.09496100",
        "time": 1629625688783,
        "isBuyerMaker": false,
        "isBestMatch": true
    },
    {
        "id": 7371989,
        "price": "0.00679200",
        "qty": "190.00000000",
        "quoteQty": "1.29048000",
        "time": 1629625692840,
        "isBuyerMaker": true,
        "isBestMatch": true
    },
    {
        "id": 7371990,
        "price": "0.00678800",
        "qty": "128.00000000",
        "quoteQty": "0.86886400",
        "time": 1629625762629,
        "isBuyerMaker": true,
        "isBestMatch": true
    },
    {
        "id": 7371991,
        "price": "0.00678700",
        "qty": "206.00000000",
        "quoteQty": "1.39812200",
        "time": 1629625763994,
        "isBuyerMaker": true,
        "isBestMatch": true
    },
    {
        "id": 7371992,
        "price": "0.00678800",
        "qty": "8.00000000",
        "quoteQty": "0.05430400",
        "time": 1629625769508,
        "isBuyerMaker": false,
        "isBestMatch": true
    },
    {
        "id": 7371993,
        "price": "0.00678800",
        "qty": "9.00000000",
        "quoteQty": "0.06109200",
        "time": 1629625809564,
        "isBuyerMaker": false,
        "isBestMatch": true
    },
    {
        "id": 7371994,
        "price": "0.00678300",
        "qty": "17.00000000",
        "quoteQty": "0.11531100",
        "time": 1629625816058,
        "isBuyerMaker": true,
        "isBestMatch": true
    },
    {
        "id": 7371995,
        "price": "0.00678300",
        "qty": "150.00000000",
        "quoteQty": "1.01745000",
        "time": 1629625821114,
        "isBuyerMaker": true,
        "isBestMatch": true
    },
    {
        "id": 7371996,
        "price": "0.00678300",
        "qty": "17.00000000",
        "quoteQty": "0.11531100",
        "time": 1629625821114,
        "isBuyerMaker": true,
        "isBestMatch": true
    },
    {
        "id": 7371997,
        "price": "0.00678000",
        "qty": "8.00000000",
        "quoteQty": "0.05424000",
        "time": 1629625821119,
        "isBuyerMaker": true,
        "isBestMatch": true
    },
    {
        "id": 7371998,
        "price": "0.00677800",
        "qty": "14.00000000",
        "quoteQty": "0.09489200",
        "time": 1629625821119,
        "isBuyerMaker": true,
        "isBestMatch": true
    },
    {
        "id": 7371999,
        "price": "0.00677700",
        "qty": "12.00000000",
        "quoteQty": "0.08132400",
        "time": 1629625821119,
        "isBuyerMaker": true,
        "isBestMatch": true
    },
    {
        "id": 7372000,
        "price": "0.00677500",
        "qty": "39.00000000",
        "quoteQty": "0.26422500",
        "time": 1629625821119,
        "isBuyerMaker": true,
        "isBestMatch": true
    },
    {
        "id": 7372001,
        "price": "0.00677800",
        "qty": "121.00000000",
        "quoteQty": "0.82013800",
        "time": 1629625823842,
        "isBuyerMaker": true,
        "isBestMatch": true
    },
    {
        "id": 7372002,
        "price": "0.00677500",
        "qty": "5.00000000",
        "quoteQty": "0.03387500",
        "time": 1629625823902,
        "isBuyerMaker": true,
        "isBestMatch": true
    },
    {
        "id": 7372003,
        "price": "0.00677400",
        "qty": "19.00000000",
        "quoteQty": "0.12870600",
        "time": 1629625824119,
        "isBuyerMaker": true,
        "isBestMatch": true
    },
    {
        "id": 7372004,
        "price": "0.00677400",
        "qty": "190.00000000",
        "quoteQty": "1.28706000",
        "time": 1629625824119,
        "isBuyerMaker": true,
        "isBestMatch": true
    },
    {
        "id": 7372005,
        "price": "0.00677800",
        "qty": "121.00000000",
        "quoteQty": "0.82013800",
        "time": 1629625824843,
        "isBuyerMaker": true,
        "isBestMatch": true
    },
    {
        "id": 7372006,
        "price": "0.00677300",
        "qty": "14.00000000",
        "quoteQty": "0.09482200",
        "time": 1629625824855,
        "isBuyerMaker": true,
        "isBestMatch": true
    },
    {
        "id": 7372007,
        "price": "0.00676900",
        "qty": "25.00000000",
        "quoteQty": "0.16922500",
        "time": 1629625824855,
        "isBuyerMaker": true,
        "isBestMatch": true
    },
    {
        "id": 7372008,
        "price": "0.00677900",
        "qty": "190.00000000",
        "quoteQty": "1.28801000",
        "time": 1629625830688,
        "isBuyerMaker": false,
        "isBestMatch": true
    },
    {
        "id": 7372009,
        "price": "0.00677900",
        "qty": "453.00000000",
        "quoteQty": "3.07088700",
        "time": 1629625830688,
        "isBuyerMaker": false,
        "isBestMatch": true
    },
    {
        "id": 7372010,
        "price": "0.00677100",
        "qty": "21.00000000",
        "quoteQty": "0.14219100",
        "time": 1629625839246,
        "isBuyerMaker": true,
        "isBestMatch": true
    },
    {
        "id": 7372011,
        "price": "0.00678000",
        "qty": "1154.00000000",
        "quoteQty": "7.82412000",
        "time": 1629625868115,
        "isBuyerMaker": false,
        "isBestMatch": true
    },
    {
        "id": 7372012,
        "price": "0.00678000",
        "qty": "450.00000000",
        "quoteQty": "3.05100000",
        "time": 1629625868127,
        "isBuyerMaker": false,
        "isBestMatch": true
    },
    {
        "id": 7372013,
        "price": "0.00678000",
        "qty": "1295.00000000",
        "quoteQty": "8.78010000",
        "time": 1629625868144,
        "isBuyerMaker": false,
        "isBestMatch": true
    },
    {
        "id": 7372014,
        "price": "0.00678000",
        "qty": "100.00000000",
        "quoteQty": "0.67800000",
        "time": 1629625868182,
        "isBuyerMaker": false,
        "isBestMatch": true
    },
    {
        "id": 7372015,
        "price": "0.00678000",
        "qty": "250.00000000",
        "quoteQty": "1.69500000",
        "time": 1629625868183,
        "isBuyerMaker": false,
        "isBestMatch": true
    },
    {
        "id": 7372016,
        "price": "0.00678000",
        "qty": "50.00000000",
        "quoteQty": "0.33900000",
        "time": 1629625868185,
        "isBuyerMaker": false,
        "isBestMatch": true
    },
    {
        "id": 7372017,
        "price": "0.00678000",
        "qty": "100.00000000",
        "quoteQty": "0.67800000",
        "time": 1629625868186,
        "isBuyerMaker": false,
        "isBestMatch": true
    },
    {
        "id": 7372018,
        "price": "0.00678000",
        "qty": "50.00000000",
        "quoteQty": "0.33900000",
        "time": 1629625868190,
        "isBuyerMaker": false,
        "isBestMatch": true
    },
    {
        "id": 7372019,
        "price": "0.00678000",
        "qty": "50.00000000",
        "quoteQty": "0.33900000",
        "time": 1629625868191,
        "isBuyerMaker": false,
        "isBestMatch": true
    },
    {
        "id": 7372020,
        "price": "0.00678000",
        "qty": "50.00000000",
        "quoteQty": "0.33900000",
        "time": 1629625868194,
        "isBuyerMaker": false,
        "isBestMatch": true
    },
    {
        "id": 7372021,
        "price": "0.00678000",
        "qty": "50.00000000",
        "quoteQty": "0.33900000",
        "time": 1629625868208,
        "isBuyerMaker": false,
        "isBestMatch": true
    },
    {
        "id": 7372022,
        "price": "0.00678000",
        "qty": "250.00000000",
        "quoteQty": "1.69500000",
        "time": 1629625868450,
        "isBuyerMaker": false,
        "isBestMatch": true
    },
    {
        "id": 7372023,
        "price": "0.00678000",
        "qty": "100.00000000",
        "quoteQty": "0.67800000",
        "time": 1629625868450,
        "isBuyerMaker": false,
        "isBestMatch": true
    },
    {
        "id": 7372024,
        "price": "0.00678000",
        "qty": "100.00000000",
        "quoteQty": "0.67800000",
        "time": 1629625868506,
        "isBuyerMaker": false,
        "isBestMatch": true
    },
    {
        "id": 7372025,
        "price": "0.00678000",
        "qty": "250.00000000",
        "quoteQty": "1.69500000",
        "time": 1629625868518,
        "isBuyerMaker": false,
        "isBestMatch": true
    },
    {
        "id": 7372026,
        "price": "0.00678000",
        "qty": "47.00000000",
        "quoteQty": "0.31866000",
        "time": 1629625868518,
        "isBuyerMaker": false,
        "isBestMatch": true
    },
    {
        "id": 7372027,
        "price": "0.00678000",
        "qty": "180.00000000",
        "quoteQty": "1.22040000",
        "time": 1629625868623,
        "isBuyerMaker": false,
        "isBestMatch": true
    },
    {
        "id": 7372028,
        "price": "0.00678000",
        "qty": "218.00000000",
        "quoteQty": "1.47804000",
        "time": 1629625868646,
        "isBuyerMaker": false,
        "isBestMatch": true
    },
    {
        "id": 7372029,
        "price": "0.00678000",
        "qty": "206.00000000",
        "quoteQty": "1.39668000",
        "time": 1629625869807,
        "isBuyerMaker": false,
        "isBestMatch": true
    },
    {
        "id": 7372030,
        "price": "0.00678000",
        "qty": "170.00000000",
        "quoteQty": "1.15260000",
        "time": 1629625870100,
        "isBuyerMaker": false,
        "isBestMatch": true
    },
    {
        "id": 7372031,
        "price": "0.00677900",
        "qty": "44.00000000",
        "quoteQty": "0.29827600",
        "time": 1629625870150,
        "isBuyerMaker": false,
        "isBestMatch": true
    },
    {
        "id": 7372032,
        "price": "0.00678000",
        "qty": "671.00000000",
        "quoteQty": "4.54938000",
        "time": 1629625870296,
        "isBuyerMaker": false,
        "isBestMatch": true
    },
    {
        "id": 7372033,
        "price": "0.00677100",
        "qty": "150.00000000",
        "quoteQty": "1.01565000",
        "time": 1629625887124,
        "isBuyerMaker": true,
        "isBestMatch": true
    },
    {
        "id": 7372034,
        "price": "0.00677100",
        "qty": "21.00000000",
        "quoteQty": "0.14219100",
        "time": 1629625887124,
        "isBuyerMaker": true,
        "isBestMatch": true
    },
    {
        "id": 7372035,
        "price": "0.00676900",
        "qty": "13.00000000",
        "quoteQty": "0.08799700",
        "time": 1629625889476,
        "isBuyerMaker": true,
        "isBestMatch": true
    },
    {
        "id": 7372036,
        "price": "0.00676900",
        "qty": "20.00000000",
        "quoteQty": "0.13538000",
        "time": 1629625889476,
        "isBuyerMaker": true,
        "isBestMatch": true
    },
    {
        "id": 7372037,
        "price": "0.00676800",
        "qty": "16.00000000",
        "quoteQty": "0.10828800",
        "time": 1629625890044,
        "isBuyerMaker": true,
        "isBestMatch": true
    },
    {
        "id": 7372038,
        "price": "0.00676800",
        "qty": "2.00000000",
        "quoteQty": "0.01353600",
        "time": 1629625890110,
        "isBuyerMaker": true,
        "isBestMatch": true
    },
    {
        "id": 7372039,
        "price": "0.00676800",
        "qty": "95.00000000",
        "quoteQty": "0.64296000",
        "time": 1629625890110,
        "isBuyerMaker": true,
        "isBestMatch": true
    },
    {
        "id": 7372040,
        "price": "0.00676700",
        "qty": "44.00000000",
        "quoteQty": "0.29774800",
        "time": 1629625890120,
        "isBuyerMaker": true,
        "isBestMatch": true
    },
    {
        "id": 7372041,
        "price": "0.00676800",
        "qty": "95.00000000",
        "quoteQty": "0.64296000",
        "time": 1629625893532,
        "isBuyerMaker": true,
        "isBestMatch": true
    },
    {
        "id": 7372042,
        "price": "0.00676800",
        "qty": "190.00000000",
        "quoteQty": "1.28592000",
        "time": 1629625893532,
        "isBuyerMaker": true,
        "isBestMatch": true
    },
    {
        "id": 7372043,
        "price": "0.00676500",
        "qty": "230.00000000",
        "quoteQty": "1.55595000",
        "time": 1629625893593,
        "isBuyerMaker": true,
        "isBestMatch": true
    },
    {
        "id": 7372044,
        "price": "0.00676500",
        "qty": "14.00000000",
        "quoteQty": "0.09471000",
        "time": 1629625893593,
        "isBuyerMaker": true,
        "isBestMatch": true
    },
    {
        "id": 7372045,
        "price": "0.00676500",
        "qty": "63.00000000",
        "quoteQty": "0.42619500",
        "time": 1629625893593,
        "isBuyerMaker": true,
        "isBestMatch": true
    },
    {
        "id": 7372046,
        "price": "0.00676500",
        "qty": "190.00000000",
        "quoteQty": "1.28535000",
        "time": 1629625893593,
        "isBuyerMaker": true,
        "isBestMatch": true
    },
    {
        "id": 7372047,
        "price": "0.00676800",
        "qty": "95.00000000",
        "quoteQty": "0.64296000",
        "time": 1629625895263,
        "isBuyerMaker": true,
        "isBestMatch": true
    },
    {
        "id": 7372048,
        "price": "0.00676600",
        "qty": "190.00000000",
        "quoteQty": "1.28554000",
        "time": 1629625909967,
        "isBuyerMaker": true,
        "isBestMatch": true
    },
    {
        "id": 7372049,
        "price": "0.00677500",
        "qty": "15.00000000",
        "quoteQty": "0.10162500",
        "time": 1629625911660,
        "isBuyerMaker": false,
        "isBestMatch": true
    },
    {
        "id": 7372050,
        "price": "0.00677900",
        "qty": "109.00000000",
        "quoteQty": "0.73891100",
        "time": 1629625923653,
        "isBuyerMaker": false,
        "isBestMatch": true
    },
    {
        "id": 7372051,
        "price": "0.00677900",
        "qty": "109.00000000",
        "quoteQty": "0.73891100",
        "time": 1629625925643,
        "isBuyerMaker": false,
        "isBestMatch": true
    },
    {
        "id": 7372052,
        "price": "0.00678100",
        "qty": "190.00000000",
        "quoteQty": "1.28839000",
        "time": 1629625944913,
        "isBuyerMaker": false,
        "isBestMatch": true
    },
    {
        "id": 7372053,
        "price": "0.00678200",
        "qty": "136.00000000",
        "quoteQty": "0.92235200",
        "time": 1629625945266,
        "isBuyerMaker": false,
        "isBestMatch": true
    },
    {
        "id": 7372054,
        "price": "0.00678300",
        "qty": "44.00000000",
        "quoteQty": "0.29845200",
        "time": 1629625946381,
        "isBuyerMaker": false,
        "isBestMatch": true
    },
    {
        "id": 7372055,
        "price": "0.00678500",
        "qty": "127.00000000",
        "quoteQty": "0.86169500",
        "time": 1629625946941,
        "isBuyerMaker": false,
        "isBestMatch": true
    },
    {
        "id": 7372056,
        "price": "0.00677500",
        "qty": "44.00000000",
        "quoteQty": "0.29810000",
        "time": 1629625949742,
        "isBuyerMaker": true,
        "isBestMatch": true
    },
    {
        "id": 7372057,
        "price": "0.00677500",
        "qty": "135.00000000",
        "quoteQty": "0.91462500",
        "time": 1629625949742,
        "isBuyerMaker": true,
        "isBestMatch": true
    },
    {
        "id": 7372058,
        "price": "0.00676800",
        "qty": "12.00000000",
        "quoteQty": "0.08121600",
        "time": 1629625951247,
        "isBuyerMaker": true,
        "isBestMatch": true
    },
    {
        "id": 7372059,
        "price": "0.00678000",
        "qty": "190.00000000",
        "quoteQty": "1.28820000",
        "time": 1629625960104,
        "isBuyerMaker": false,
        "isBestMatch": true
    },
    {
        "id": 7372060,
        "price": "0.00678300",
        "qty": "44.00000000",
        "quoteQty": "0.29845200",
        "time": 1629625960124,
        "isBuyerMaker": false,
        "isBestMatch": true
    },
    {
        "id": 7372061,
        "price": "0.00678500",
        "qty": "132.00000000",
        "quoteQty": "0.89562000",
        "time": 1629625962047,
        "isBuyerMaker": false,
        "isBestMatch": true
    },
    {
        "id": 7372062,
        "price": "0.00678800",
        "qty": "137.00000000",
        "quoteQty": "0.92995600",
        "time": 1629625963937,
        "isBuyerMaker": false,
        "isBestMatch": true
    },
    {
        "id": 7372063,
        "price": "0.00678100",
        "qty": "44.00000000",
        "quoteQty": "0.29836400",
        "time": 1629625977384,
        "isBuyerMaker": true,
        "isBestMatch": true
    },
    {
        "id": 7372064,
        "price": "0.00679000",
        "qty": "44.00000000",
        "quoteQty": "0.29876000",
        "time": 1629625983148,
        "isBuyerMaker": false,
        "isBestMatch": true
    },
    {
        "id": 7372065,
        "price": "0.00679300",
        "qty": "190.00000000",
        "quoteQty": "1.29067000",
        "time": 1629625985449,
        "isBuyerMaker": false,
        "isBestMatch": true
    },
    {
        "id": 7372066,
        "price": "0.00679400",
        "qty": "205.00000000",
        "quoteQty": "1.39277000",
        "time": 1629625985460,
        "isBuyerMaker": false,
        "isBestMatch": true
    },
    {
        "id": 7372067,
        "price": "0.00679500",
        "qty": "8.00000000",
        "quoteQty": "0.05436000",
        "time": 1629625985579,
        "isBuyerMaker": false,
        "isBestMatch": true
    },
    {
        "id": 7372068,
        "price": "0.00679700",
        "qty": "204.00000000",
        "quoteQty": "1.38658800",
        "time": 1629625995836,
        "isBuyerMaker": false,
        "isBestMatch": true
    },
    {
        "id": 7372069,
        "price": "0.00680000",
        "qty": "190.00000000",
        "quoteQty": "1.29200000",
        "time": 1629625996328,
        "isBuyerMaker": false,
        "isBestMatch": true
    },
    {
        "id": 7372070,
        "price": "0.00680100",
        "qty": "230.00000000",
        "quoteQty": "1.56423000",
        "time": 1629625996515,
        "isBuyerMaker": false,
        "isBestMatch": true
    },
    {
        "id": 7372071,
        "price": "0.00679600",
        "qty": "44.00000000",
        "quoteQty": "0.29902400",
        "time": 1629626000023,
        "isBuyerMaker": true,
        "isBestMatch": true
    },
    {
        "id": 7372072,
        "price": "0.00680000",
        "qty": "44.00000000",
        "quoteQty": "0.29920000",
        "time": 1629626002287,
        "isBuyerMaker": false,
        "isBestMatch": true
    },
    {
        "id": 7372073,
        "price": "0.00680100",
        "qty": "190.00000000",
        "quoteQty": "1.29219000",
        "time": 1629626002300,
        "isBuyerMaker": false,
        "isBestMatch": true
    },
    {
        "id": 7372074,
        "price": "0.00680200",
        "qty": "120.00000000",
        "quoteQty": "0.81624000",
        "time": 1629626002310,
        "isBuyerMaker": false,
        "isBestMatch": true
    },
    {
        "id": 7372075,
        "price": "0.00680200",
        "qty": "190.00000000",
        "quoteQty": "1.29238000",
        "time": 1629626002310,
        "isBuyerMaker": false,
        "isBestMatch": true
    },
    {
        "id": 7372076,
        "price": "0.00680400",
        "qty": "38.00000000",
        "quoteQty": "0.25855200",
        "time": 1629626004346,
        "isBuyerMaker": false,
        "isBestMatch": true
    },
    {
        "id": 7372077,
        "price": "0.00680800",
        "qty": "166.00000000",
        "quoteQty": "1.13012800",
        "time": 1629626032395,
        "isBuyerMaker": false,
        "isBestMatch": true
    },
    {
        "id": 7372078,
        "price": "0.00681000",
        "qty": "14.00000000",
        "quoteQty": "0.09534000",
        "time": 1629626032405,
        "isBuyerMaker": false,
        "isBestMatch": true
    },
    {
        "id": 7372079,
        "price": "0.00680800",
        "qty": "100.00000000",
        "quoteQty": "0.68080000",
        "time": 1629626034737,
        "isBuyerMaker": false,
        "isBestMatch": true
    },
    {
        "id": 7372080,
        "price": "0.00681200",
        "qty": "14.00000000",
        "quoteQty": "0.09536800",
        "time": 1629626034776,
        "isBuyerMaker": false,
        "isBestMatch": true
    },
    {
        "id": 7372081,
        "price": "0.00680800",
        "qty": "100.00000000",
        "quoteQty": "0.68080000",
        "time": 1629626035542,
        "isBuyerMaker": false,
        "isBestMatch": true
    },
    {
        "id": 7372082,
        "price": "0.00680800",
        "qty": "100.00000000",
        "quoteQty": "0.68080000",
        "time": 1629626038153,
        "isBuyerMaker": false,
        "isBestMatch": true
    },
    {
        "id": 7372083,
        "price": "0.00681200",
        "qty": "103.00000000",
        "quoteQty": "0.70163600",
        "time": 1629626042738,
        "isBuyerMaker": false,
        "isBestMatch": true
    },
    {
        "id": 7372084,
        "price": "0.00681300",
        "qty": "12.00000000",
        "quoteQty": "0.08175600",
        "time": 1629626042772,
        "isBuyerMaker": false,
        "isBestMatch": true
    },
    {
        "id": 7372085,
        "price": "0.00681400",
        "qty": "18.00000000",
        "quoteQty": "0.12265200",
        "time": 1629626042826,
        "isBuyerMaker": false,
        "isBestMatch": true
    },
    {
        "id": 7372086,
        "price": "0.00681200",
        "qty": "103.00000000",
        "quoteQty": "0.70163600",
        "time": 1629626043675,
        "isBuyerMaker": false,
        "isBestMatch": true
    },
    {
        "id": 7372087,
        "price": "0.00681700",
        "qty": "128.00000000",
        "quoteQty": "0.87257600",
        "time": 1629626043710,
        "isBuyerMaker": false,
        "isBestMatch": true
    },
    {
        "id": 7372088,
        "price": "0.00681800",
        "qty": "594.00000000",
        "quoteQty": "4.04989200",
        "time": 1629626043825,
        "isBuyerMaker": false,
        "isBestMatch": true
    },
    {
        "id": 7372089,
        "price": "0.00681900",
        "qty": "15.00000000",
        "quoteQty": "0.10228500",
        "time": 1629626046764,
        "isBuyerMaker": false,
        "isBestMatch": true
    },
    {
        "id": 7372090,
        "price": "0.00682000",
        "qty": "63.00000000",
        "quoteQty": "0.42966000",
        "time": 1629626047054,
        "isBuyerMaker": false,
        "isBestMatch": true
    },
    {
        "id": 7372091,
        "price": "0.00682300",
        "qty": "56.00000000",
        "quoteQty": "0.38208800",
        "time": 1629626047554,
        "isBuyerMaker": false,
        "isBestMatch": true
    },
    {
        "id": 7372092,
        "price": "0.00682300",
        "qty": "890.00000000",
        "quoteQty": "6.07247000",
        "time": 1629626047557,
        "isBuyerMaker": false,
        "isBestMatch": true
    },
    {
        "id": 7372093,
        "price": "0.00682400",
        "qty": "229.00000000",
        "quoteQty": "1.56269600",
        "time": 1629626047868,
        "isBuyerMaker": false,
        "isBestMatch": true
    },
    {
        "id": 7372094,
        "price": "0.00682400",
        "qty": "181.00000000",
        "quoteQty": "1.23514400",
        "time": 1629626049456,
        "isBuyerMaker": false,
        "isBestMatch": true
    },
    {
        "id": 7372095,
        "price": "0.00682500",
        "qty": "14.00000000",
        "quoteQty": "0.09555000",
        "time": 1629626049456,
        "isBuyerMaker": false,
        "isBestMatch": true
    },
    {
        "id": 7372096,
        "price": "0.00682600",
        "qty": "38.00000000",
        "quoteQty": "0.25938800",
        "time": 1629626049464,
        "isBuyerMaker": false,
        "isBestMatch": true
    },
    {
        "id": 7372097,
        "price": "0.00681900",
        "qty": "73.00000000",
        "quoteQty": "0.49778700",
        "time": 1629626054060,
        "isBuyerMaker": true,
        "isBestMatch": true
    },
    {
        "id": 7372098,
        "price": "0.00681900",
        "qty": "117.00000000",
        "quoteQty": "0.79782300",
        "time": 1629626054092,
        "isBuyerMaker": true,
        "isBestMatch": true
    },
    {
        "id": 7372099,
        "price": "0.00681300",
        "qty": "139.00000000",
        "quoteQty": "0.94700700",
        "time": 1629626055468,
        "isBuyerMaker": true,
        "isBestMatch": true
    },
    {
        "id": 7372100,
        "price": "0.00681100",
        "qty": "140.00000000",
        "quoteQty": "0.95354000",
        "time": 1629626062797,
        "isBuyerMaker": true,
        "isBestMatch": true
    },
    {
        "id": 7372101,
        "price": "0.00682000",
        "qty": "92.00000000",
        "quoteQty": "0.62744000",
        "time": 1629626082399,
        "isBuyerMaker": false,
        "isBestMatch": true
    },
    {
        "id": 7372102,
        "price": "0.00682000",
        "qty": "45.00000000",
        "quoteQty": "0.30690000",
        "time": 1629626122893,
        "isBuyerMaker": false,
        "isBestMatch": true
    },
    {
        "id": 7372103,
        "price": "0.00682000",
        "qty": "92.00000000",
        "quoteQty": "0.62744000",
        "time": 1629626122893,
        "isBuyerMaker": false,
        "isBestMatch": true
    },
    {
        "id": 7372104,
        "price": "0.00682000",
        "qty": "8.00000000",
        "quoteQty": "0.05456000",
        "time": 1629626122893,
        "isBuyerMaker": false,
        "isBestMatch": true
    },
    {
        "id": 7372105,
        "price": "0.00682500",
        "qty": "137.00000000",
        "quoteQty": "0.93502500",
        "time": 1629626124617,
        "isBuyerMaker": false,
        "isBestMatch": true
    },
    {
        "id": 7372106,
        "price": "0.00682300",
        "qty": "190.00000000",
        "quoteQty": "1.29637000",
        "time": 1629626135512,
        "isBuyerMaker": true,
        "isBestMatch": true
    },
    {
        "id": 7372107,
        "price": "0.00682400",
        "qty": "190.00000000",
        "quoteQty": "1.29656000",
        "time": 1629626135538,
        "isBuyerMaker": true,
        "isBestMatch": true
    },
    {
        "id": 7372108,
        "price": "0.00682100",
        "qty": "43.00000000",
        "quoteQty": "0.29330300",
        "time": 1629626138328,
        "isBuyerMaker": true,
        "isBestMatch": true
    },
    {
        "id": 7372109,
        "price": "0.00682000",
        "qty": "303.00000000",
        "quoteQty": "2.06646000",
        "time": 1629626139673,
        "isBuyerMaker": true,
        "isBestMatch": true
    },
    {
        "id": 7372110,
        "price": "0.00682000",
        "qty": "21.00000000",
        "quoteQty": "0.14322000",
        "time": 1629626139673,
        "isBuyerMaker": true,
        "isBestMatch": true
    },
    {
        "id": 7372111,
        "price": "0.00682100",
        "qty": "43.00000000",
        "quoteQty": "0.29330300",
        "time": 1629626177269,
        "isBuyerMaker": true,
        "isBestMatch": true
    },
    {
        "id": 7372112,
        "price": "0.00682900",
        "qty": "14.00000000",
        "quoteQty": "0.09560600",
        "time": 1629626187302,
        "isBuyerMaker": false,
        "isBestMatch": true
    },
    {
        "id": 7372113,
        "price": "0.00682900",
        "qty": "7.00000000",
        "quoteQty": "0.04780300",
        "time": 1629626187302,
        "isBuyerMaker": false,
        "isBestMatch": true
    },
    {
        "id": 7372114,
        "price": "0.00682900",
        "qty": "13.00000000",
        "quoteQty": "0.08877700",
        "time": 1629626188139,
        "isBuyerMaker": false,
        "isBestMatch": true
    },
    {
        "id": 7372115,
        "price": "0.00683000",
        "qty": "43.00000000",
        "quoteQty": "0.29369000",
        "time": 1629626190242,
        "isBuyerMaker": false,
        "isBestMatch": true
    },
    {
        "id": 7372116,
        "price": "0.00683000",
        "qty": "160.00000000",
        "quoteQty": "1.09280000",
        "time": 1629626190640,
        "isBuyerMaker": false,
        "isBestMatch": true
    },
    {
        "id": 7372117,
        "price": "0.00683000",
        "qty": "43.00000000",
        "quoteQty": "0.29369000",
        "time": 1629626191090,
        "isBuyerMaker": false,
        "isBestMatch": true
    },
    {
        "id": 7372118,
        "price": "0.00682600",
        "qty": "856.00000000",
        "quoteQty": "5.84305600",
        "time": 1629626195253,
        "isBuyerMaker": true,
        "isBestMatch": true
    },
    {
        "id": 7372119,
        "price": "0.00682600",
        "qty": "184.00000000",
        "quoteQty": "1.25598400",
        "time": 1629626195253,
        "isBuyerMaker": true,
        "isBestMatch": true
    },
    {
        "id": 7372120,
        "price": "0.00683200",
        "qty": "26.00000000",
        "quoteQty": "0.17763200",
        "time": 1629626228246,
        "isBuyerMaker": false,
        "isBestMatch": true
    },
    {
        "id": 7372121,
        "price": "0.00683300",
        "qty": "15.00000000",
        "quoteQty": "0.10249500",
        "time": 1629626228397,
        "isBuyerMaker": false,
        "isBestMatch": true
    },
    {
        "id": 7372122,
        "price": "0.00683300",
        "qty": "32.00000000",
        "quoteQty": "0.21865600",
        "time": 1629626228397,
        "isBuyerMaker": false,
        "isBestMatch": true
    },
    {
        "id": 7372123,
        "price": "0.00682500",
        "qty": "15.00000000",
        "quoteQty": "0.10237500",
        "time": 1629626264236,
        "isBuyerMaker": true,
        "isBestMatch": true
    },
    {
        "id": 7372124,
        "price": "0.00682100",
        "qty": "138.00000000",
        "quoteQty": "0.94129800",
        "time": 1629626298175,
        "isBuyerMaker": true,
        "isBestMatch": true
    },
    {
        "id": 7372125,
        "price": "0.00682000",
        "qty": "172.00000000",
        "quoteQty": "1.17304000",
        "time": 1629626298369,
        "isBuyerMaker": true,
        "isBestMatch": true
    },
    {
        "id": 7372126,
        "price": "0.00681600",
        "qty": "9.00000000",
        "quoteQty": "0.06134400",
        "time": 1629626301677,
        "isBuyerMaker": true,
        "isBestMatch": true
    },
    {
        "id": 7372127,
        "price": "0.00681300",
        "qty": "261.00000000",
        "quoteQty": "1.77819300",
        "time": 1629626302157,
        "isBuyerMaker": true,
        "isBestMatch": true
    },
    {
        "id": 7372128,
        "price": "0.00681300",
        "qty": "190.00000000",
        "quoteQty": "1.29447000",
        "time": 1629626302157,
        "isBuyerMaker": true,
        "isBestMatch": true
    },
    {
        "id": 7372129,
        "price": "0.00680800",
        "qty": "190.00000000",
        "quoteQty": "1.29352000",
        "time": 1629626303414,
        "isBuyerMaker": true,
        "isBestMatch": true
    },
    {
        "id": 7372130,
        "price": "0.00680800",
        "qty": "196.00000000",
        "quoteQty": "1.33436800",
        "time": 1629626304226,
        "isBuyerMaker": true,
        "isBestMatch": true
    },
    {
        "id": 7372131,
        "price": "0.00681400",
        "qty": "43.00000000",
        "quoteQty": "0.29300200",
        "time": 1629626308404,
        "isBuyerMaker": false,
        "isBestMatch": true
    },
    {
        "id": 7372132,
        "price": "0.00680700",
        "qty": "128.00000000",
        "quoteQty": "0.87129600",
        "time": 1629626319778,
        "isBuyerMaker": true,
        "isBestMatch": true
    },
    {
        "id": 7372133,
        "price": "0.00680700",
        "qty": "44.00000000",
        "quoteQty": "0.29950800",
        "time": 1629626319778,
        "isBuyerMaker": true,
        "isBestMatch": true
    },
    {
        "id": 7372134,
        "price": "0.00680700",
        "qty": "128.00000000",
        "quoteQty": "0.87129600",
        "time": 1629626320660,
        "isBuyerMaker": true,
        "isBestMatch": true
    },
    {
        "id": 7372135,
        "price": "0.00680500",
        "qty": "132.00000000",
        "quoteQty": "0.89826000",
        "time": 1629626322576,
        "isBuyerMaker": true,
        "isBestMatch": true
    },
    {
        "id": 7372136,
        "price": "0.00680700",
        "qty": "203.00000000",
        "quoteQty": "1.38182100",
        "time": 1629626323809,
        "isBuyerMaker": false,
        "isBestMatch": true
    },
    {
        "id": 7372137,
        "price": "0.00681300",
        "qty": "50.00000000",
        "quoteQty": "0.34065000",
        "time": 1629626338123,
        "isBuyerMaker": false,
        "isBestMatch": true
    },
    {
        "id": 7372138,
        "price": "0.00681300",
        "qty": "43.00000000",
        "quoteQty": "0.29295900",
        "time": 1629626338134,
        "isBuyerMaker": false,
        "isBestMatch": true
    },
    {
        "id": 7372139,
        "price": "0.00681300",
        "qty": "93.00000000",
        "quoteQty": "0.63360900",
        "time": 1629626340129,
        "isBuyerMaker": false,
        "isBestMatch": true
    },
    {
        "id": 7372140,
        "price": "0.00681300",
        "qty": "93.00000000",
        "quoteQty": "0.63360900",
        "time": 1629626340653,
        "isBuyerMaker": false,
        "isBestMatch": true
    },
    {
        "id": 7372141,
        "price": "0.00681800",
        "qty": "189.00000000",
        "quoteQty": "1.28860200",
        "time": 1629626344035,
        "isBuyerMaker": false,
        "isBestMatch": true
    },
    {
        "id": 7372142,
        "price": "0.00682400",
        "qty": "180.00000000",
        "quoteQty": "1.22832000",
        "time": 1629626350430,
        "isBuyerMaker": false,
        "isBestMatch": true
    },
    {
        "id": 7372143,
        "price": "0.00682900",
        "qty": "146.00000000",
        "quoteQty": "0.99703400",
        "time": 1629626356164,
        "isBuyerMaker": false,
        "isBestMatch": true
    },
    {
        "id": 7372144,
        "price": "0.00681300",
        "qty": "139.00000000",
        "quoteQty": "0.94700700",
        "time": 1629626362728,
        "isBuyerMaker": true,
        "isBestMatch": true
    },
    {
        "id": 7372145,
        "price": "0.00681300",
        "qty": "112.00000000",
        "quoteQty": "0.76305600",
        "time": 1629626362728,
        "isBuyerMaker": true,
        "isBestMatch": true
    },
    {
        "id": 7372146,
        "price": "0.00682300",
        "qty": "102.00000000",
        "quoteQty": "0.69594600",
        "time": 1629626383852,
        "isBuyerMaker": false,
        "isBestMatch": true
    },
    {
        "id": 7372147,
        "price": "0.00681400",
        "qty": "130.00000000",
        "quoteQty": "0.88582000",
        "time": 1629626385382,
        "isBuyerMaker": true,
        "isBestMatch": true
    },
    {
        "id": 7372148,
        "price": "0.00682300",
        "qty": "102.00000000",
        "quoteQty": "0.69594600",
        "time": 1629626387627,
        "isBuyerMaker": false,
        "isBestMatch": true
    },
    {
        "id": 7372149,
        "price": "0.00682300",
        "qty": "102.00000000",
        "quoteQty": "0.69594600",
        "time": 1629626389710,
        "isBuyerMaker": false,
        "isBestMatch": true
    },
    {
        "id": 7372150,
        "price": "0.00683100",
        "qty": "130.00000000",
        "quoteQty": "0.88803000",
        "time": 1629626394438,
        "isBuyerMaker": false,
        "isBestMatch": true
    },
    {
        "id": 7372151,
        "price": "0.00681900",
        "qty": "197.00000000",
        "quoteQty": "1.34334300",
        "time": 1629626402450,
        "isBuyerMaker": true,
        "isBestMatch": true
    },
    {
        "id": 7372152,
        "price": "0.00682500",
        "qty": "190.00000000",
        "quoteQty": "1.29675000",
        "time": 1629626407771,
        "isBuyerMaker": false,
        "isBestMatch": true
    },
    {
        "id": 7372153,
        "price": "0.00682100",
        "qty": "190.00000000",
        "quoteQty": "1.29599000",
        "time": 1629626419918,
        "isBuyerMaker": false,
        "isBestMatch": true
    },
    {
        "id": 7372154,
        "price": "0.00682300",
        "qty": "44.00000000",
        "quoteQty": "0.30021200",
        "time": 1629626430274,
        "isBuyerMaker": false,
        "isBestMatch": true
    },
    {
        "id": 7372155,
        "price": "0.00681700",
        "qty": "190.00000000",
        "quoteQty": "1.29523000",
        "time": 1629626439150,
        "isBuyerMaker": true,
        "isBestMatch": true
    },
    {
        "id": 7372156,
        "price": "0.00682000",
        "qty": "190.00000000",
        "quoteQty": "1.29580000",
        "time": 1629626457724,
        "isBuyerMaker": true,
        "isBestMatch": true
    },
    {
        "id": 7372157,
        "price": "0.00682000",
        "qty": "43.00000000",
        "quoteQty": "0.29326000",
        "time": 1629626457724,
        "isBuyerMaker": true,
        "isBestMatch": true
    },
    {
        "id": 7372158,
        "price": "0.00682600",
        "qty": "43.00000000",
        "quoteQty": "0.29351800",
        "time": 1629626463984,
        "isBuyerMaker": false,
        "isBestMatch": true
    },
    {
        "id": 7372159,
        "price": "0.00683100",
        "qty": "198.00000000",
        "quoteQty": "1.35253800",
        "time": 1629626469817,
        "isBuyerMaker": false,
        "isBestMatch": true
    },
    {
        "id": 7372160,
        "price": "0.00683400",
        "qty": "14.00000000",
        "quoteQty": "0.09567600",
        "time": 1629626469837,
        "isBuyerMaker": false,
        "isBestMatch": true
    },
    {
        "id": 7372161,
        "price": "0.00683600",
        "qty": "14.00000000",
        "quoteQty": "0.09570400",
        "time": 1629626469842,
        "isBuyerMaker": false,
        "isBestMatch": true
    },
    {
        "id": 7372162,
        "price": "0.00683600",
        "qty": "19.00000000",
        "quoteQty": "0.12988400",
        "time": 1629626469842,
        "isBuyerMaker": false,
        "isBestMatch": true
    },
    {
        "id": 7372163,
        "price": "0.00683600",
        "qty": "606.00000000",
        "quoteQty": "4.14261600",
        "time": 1629626469842,
        "isBuyerMaker": false,
        "isBestMatch": true
    },
    {
        "id": 7372164,
        "price": "0.00683700",
        "qty": "22.00000000",
        "quoteQty": "0.15041400",
        "time": 1629626469858,
        "isBuyerMaker": false,
        "isBestMatch": true
    },
    {
        "id": 7372165,
        "price": "0.00684000",
        "qty": "15.00000000",
        "quoteQty": "0.10260000",
        "time": 1629626470011,
        "isBuyerMaker": false,
        "isBestMatch": true
    },
    {
        "id": 7372166,
        "price": "0.00684100",
        "qty": "15.00000000",
        "quoteQty": "0.10261500",
        "time": 1629626470165,
        "isBuyerMaker": false,
        "isBestMatch": true
    },
    {
        "id": 7372167,
        "price": "0.00684500",
        "qty": "177.00000000",
        "quoteQty": "1.21156500",
        "time": 1629626472638,
        "isBuyerMaker": false,
        "isBestMatch": true
    },
    {
        "id": 7372168,
        "price": "0.00684500",
        "qty": "13.00000000",
        "quoteQty": "0.08898500",
        "time": 1629626472953,
        "isBuyerMaker": false,
        "isBestMatch": true
    },
    {
        "id": 7372169,
        "price": "0.00684500",
        "qty": "190.00000000",
        "quoteQty": "1.30055000",
        "time": 1629626473000,
        "isBuyerMaker": false,
        "isBestMatch": true
    },
    {
        "id": 7372170,
        "price": "0.00684600",
        "qty": "14.00000000",
        "quoteQty": "0.09584400",
        "time": 1629626473045,
        "isBuyerMaker": false,
        "isBestMatch": true
    },
    {
        "id": 7372171,
        "price": "0.00684700",
        "qty": "228.00000000",
        "quoteQty": "1.56111600",
        "time": 1629626473053,
        "isBuyerMaker": false,
        "isBestMatch": true
    },
    {
        "id": 7372172,
        "price": "0.00684700",
        "qty": "18.00000000",
        "quoteQty": "0.12324600",
        "time": 1629626473053,
        "isBuyerMaker": false,
        "isBestMatch": true
    },
    {
        "id": 7372173,
        "price": "0.00684800",
        "qty": "14.00000000",
        "quoteQty": "0.09587200",
        "time": 1629626473059,
        "isBuyerMaker": false,
        "isBestMatch": true
    },
    {
        "id": 7372174,
        "price": "0.00684800",
        "qty": "38.00000000",
        "quoteQty": "0.26022400",
        "time": 1629626473059,
        "isBuyerMaker": false,
        "isBestMatch": true
    },
    {
        "id": 7372175,
        "price": "0.00684800",
        "qty": "23.00000000",
        "quoteQty": "0.15750400",
        "time": 1629626473059,
        "isBuyerMaker": false,
        "isBestMatch": true
    },
    {
        "id": 7372176,
        "price": "0.00684800",
        "qty": "8.00000000",
        "quoteQty": "0.05478400",
        "time": 1629626473059,
        "isBuyerMaker": false,
        "isBestMatch": true
    },
    {
        "id": 7372177,
        "price": "0.00684900",
        "qty": "14.00000000",
        "quoteQty": "0.09588600",
        "time": 1629626473066,
        "isBuyerMaker": false,
        "isBestMatch": true
    },
    {
        "id": 7372178,
        "price": "0.00684900",
        "qty": "15.00000000",
        "quoteQty": "0.10273500",
        "time": 1629626473066,
        "isBuyerMaker": false,
        "isBestMatch": true
    },
    {
        "id": 7372179,
        "price": "0.00685000",
        "qty": "12.00000000",
        "quoteQty": "0.08220000",
        "time": 1629626473084,
        "isBuyerMaker": false,
        "isBestMatch": true
    },
    {
        "id": 7372180,
        "price": "0.00685000",
        "qty": "14.00000000",
        "quoteQty": "0.09590000",
        "time": 1629626473084,
        "isBuyerMaker": false,
        "isBestMatch": true
    },
    {
        "id": 7372181,
        "price": "0.00685000",
        "qty": "38.00000000",
        "quoteQty": "0.26030000",
        "time": 1629626473089,
        "isBuyerMaker": false,
        "isBestMatch": true
    },
    {
        "id": 7372182,
        "price": "0.00685000",
        "qty": "152.00000000",
        "quoteQty": "1.04120000",
        "time": 1629626473092,
        "isBuyerMaker": false,
        "isBestMatch": true
    },
    {
        "id": 7372183,
        "price": "0.00684700",
        "qty": "454.00000000",
        "quoteQty": "3.10853800",
        "time": 1629626473096,
        "isBuyerMaker": true,
        "isBestMatch": true
    },
    {
        "id": 7372184,
        "price": "0.00684700",
        "qty": "186.00000000",
        "quoteQty": "1.27354200",
        "time": 1629626473096,
        "isBuyerMaker": true,
        "isBestMatch": true
    },
    {
        "id": 7372185,
        "price": "0.00684700",
        "qty": "4.00000000",
        "quoteQty": "0.02738800",
        "time": 1629626473101,
        "isBuyerMaker": true,
        "isBestMatch": true
    },
    {
        "id": 7372186,
        "price": "0.00683600",
        "qty": "190.00000000",
        "quoteQty": "1.29884000",
        "time": 1629626473101,
        "isBuyerMaker": true,
        "isBestMatch": true
    },
    {
        "id": 7372187,
        "price": "0.00683600",
        "qty": "84.00000000",
        "quoteQty": "0.57422400",
        "time": 1629626473101,
        "isBuyerMaker": true,
        "isBestMatch": true
    },
    {
        "id": 7372188,
        "price": "0.00685100",
        "qty": "27.00000000",
        "quoteQty": "0.18497700",
        "time": 1629626473101,
        "isBuyerMaker": false,
        "isBestMatch": true
    },
    {
        "id": 7372189,
        "price": "0.00685200",
        "qty": "82.00000000",
        "quoteQty": "0.56186400",
        "time": 1629626473111,
        "isBuyerMaker": false,
        "isBestMatch": true
    },
    {
        "id": 7372190,
        "price": "0.00685300",
        "qty": "19.00000000",
        "quoteQty": "0.13020700",
        "time": 1629626473145,
        "isBuyerMaker": false,
        "isBestMatch": true
    },
    {
        "id": 7372191,
        "price": "0.00685400",
        "qty": "190.00000000",
        "quoteQty": "1.30226000",
        "time": 1629626475873,
        "isBuyerMaker": true,
        "isBestMatch": true
    },
    {
        "id": 7372192,
        "price": "0.00685200",
        "qty": "190.00000000",
        "quoteQty": "1.30188000",
        "time": 1629626476168,
        "isBuyerMaker": true,
        "isBestMatch": true
    },
    {
        "id": 7372193,
        "price": "0.00685100",
        "qty": "88.00000000",
        "quoteQty": "0.60288800",
        "time": 1629626476168,
        "isBuyerMaker": true,
        "isBestMatch": true
    },
    {
        "id": 7372194,
        "price": "0.00685000",
        "qty": "87.00000000",
        "quoteQty": "0.59595000",
        "time": 1629626476912,
        "isBuyerMaker": true,
        "isBestMatch": true
    },
    {
        "id": 7372195,
        "price": "0.00684900",
        "qty": "428.00000000",
        "quoteQty": "2.93137200",
        "time": 1629626476912,
        "isBuyerMaker": true,
        "isBestMatch": true
    },
    {
        "id": 7372196,
        "price": "0.00684300",
        "qty": "125.00000000",
        "quoteQty": "0.85537500",
        "time": 1629626476912,
        "isBuyerMaker": true,
        "isBestMatch": true
    },
    {
        "id": 7372197,
        "price": "0.00684500",
        "qty": "856.00000000",
        "quoteQty": "5.85932000",
        "time": 1629626477643,
        "isBuyerMaker": true,
        "isBestMatch": true
    },
    {
        "id": 7372198,
        "price": "0.00684400",
        "qty": "181.00000000",
        "quoteQty": "1.23876400",
        "time": 1629626477643,
        "isBuyerMaker": true,
        "isBestMatch": true
    },
    {
        "id": 7372199,
        "price": "0.00685000",
        "qty": "20.00000000",
        "quoteQty": "0.13700000",
        "time": 1629626479012,
        "isBuyerMaker": false,
        "isBestMatch": true
    },
    {
        "id": 7372200,
        "price": "0.00685100",
        "qty": "355.00000000",
        "quoteQty": "2.43210500",
        "time": 1629626480588,
        "isBuyerMaker": true,
        "isBestMatch": true
    },
    {
        "id": 7372201,
        "price": "0.00684800",
        "qty": "285.00000000",
        "quoteQty": "1.95168000",
        "time": 1629626480588,
        "isBuyerMaker": true,
        "isBestMatch": true
    },
    {
        "id": 7372202,
        "price": "0.00685100",
        "qty": "415.00000000",
        "quoteQty": "2.84316500",
        "time": 1629626483068,
        "isBuyerMaker": true,
        "isBestMatch": true
    },
    {
        "id": 7372203,
        "price": "0.00685000",
        "qty": "52.00000000",
        "quoteQty": "0.35620000",
        "time": 1629626483068,
        "isBuyerMaker": true,
        "isBestMatch": true
    },
    {
        "id": 7372204,
        "price": "0.00685800",
        "qty": "21.00000000",
        "quoteQty": "0.14401800",
        "time": 1629626483973,
        "isBuyerMaker": false,
        "isBestMatch": true
    },
    {
        "id": 7372205,
        "price": "0.00685800",
        "qty": "37.00000000",
        "quoteQty": "0.25374600",
        "time": 1629626484580,
        "isBuyerMaker": true,
        "isBestMatch": true
    },
    {
        "id": 7372206,
        "price": "0.00685500",
        "qty": "32.00000000",
        "quoteQty": "0.21936000",
        "time": 1629626484580,
        "isBuyerMaker": true,
        "isBestMatch": true
    },
    {
        "id": 7372207,
        "price": "0.00686200",
        "qty": "15.00000000",
        "quoteQty": "0.10293000",
        "time": 1629626484948,
        "isBuyerMaker": false,
        "isBestMatch": true
    },
    {
        "id": 7372208,
        "price": "0.00686300",
        "qty": "9.00000000",
        "quoteQty": "0.06176700",
        "time": 1629626486913,
        "isBuyerMaker": false,
        "isBestMatch": true
    },
    {
        "id": 7372209,
        "price": "0.00686300",
        "qty": "40.00000000",
        "quoteQty": "0.27452000",
        "time": 1629626487654,
        "isBuyerMaker": true,
        "isBestMatch": true
    },
    {
        "id": 7372210,
        "price": "0.00685900",
        "qty": "237.00000000",
        "quoteQty": "1.62558300",
        "time": 1629626487654,
        "isBuyerMaker": true,
        "isBestMatch": true
    },
    {
        "id": 7372211,
        "price": "0.00685800",
        "qty": "30.00000000",
        "quoteQty": "0.20574000",
        "time": 1629626489128,
        "isBuyerMaker": true,
        "isBestMatch": true
    },
    {
        "id": 7372212,
        "price": "0.00685800",
        "qty": "1060.00000000",
        "quoteQty": "7.26948000",
        "time": 1629626489128,
        "isBuyerMaker": true,
        "isBestMatch": true
    },
    {
        "id": 7372213,
        "price": "0.00685800",
        "qty": "368.00000000",
        "quoteQty": "2.52374400",
        "time": 1629626489128,
        "isBuyerMaker": true,
        "isBestMatch": true
    },
    {
        "id": 7372214,
        "price": "0.00686500",
        "qty": "30.00000000",
        "quoteQty": "0.20595000",
        "time": 1629626491596,
        "isBuyerMaker": false,
        "isBestMatch": true
    },
    {
        "id": 7372215,
        "price": "0.00686600",
        "qty": "25.00000000",
        "quoteQty": "0.17165000",
        "time": 1629626491596,
        "isBuyerMaker": false,
        "isBestMatch": true
    },
    {
        "id": 7372216,
        "price": "0.00686800",
        "qty": "14.00000000",
        "quoteQty": "0.09615200",
        "time": 1629626491596,
        "isBuyerMaker": false,
        "isBestMatch": true
    },
    {
        "id": 7372217,
        "price": "0.00686800",
        "qty": "14.00000000",
        "quoteQty": "0.09615200",
        "time": 1629626491596,
        "isBuyerMaker": false,
        "isBestMatch": true
    },
    {
        "id": 7372218,
        "price": "0.00686800",
        "qty": "8.00000000",
        "quoteQty": "0.05494400",
        "time": 1629626491596,
        "isBuyerMaker": false,
        "isBestMatch": true
    },
    {
        "id": 7372219,
        "price": "0.00686900",
        "qty": "14.00000000",
        "quoteQty": "0.09616600",
        "time": 1629626491596,
        "isBuyerMaker": false,
        "isBestMatch": true
    },
    {
        "id": 7372220,
        "price": "0.00686900",
        "qty": "87.00000000",
        "quoteQty": "0.59760300",
        "time": 1629626491596,
        "isBuyerMaker": false,
        "isBestMatch": true
    },
    {
        "id": 7372221,
        "price": "0.00687000",
        "qty": "227.00000000",
        "quoteQty": "1.55949000",
        "time": 1629626491596,
        "isBuyerMaker": false,
        "isBestMatch": true
    },
    {
        "id": 7372222,
        "price": "0.00687000",
        "qty": "14.00000000",
        "quoteQty": "0.09618000",
        "time": 1629626491596,
        "isBuyerMaker": false,
        "isBestMatch": true
    },
    {
        "id": 7372223,
        "price": "0.00687100",
        "qty": "38.00000000",
        "quoteQty": "0.26109800",
        "time": 1629626491596,
        "isBuyerMaker": false,
        "isBestMatch": true
    },
    {
        "id": 7372224,
        "price": "0.00687400",
        "qty": "15.00000000",
        "quoteQty": "0.10311000",
        "time": 1629626491596,
        "isBuyerMaker": false,
        "isBestMatch": true
    },
    {
        "id": 7372225,
        "price": "0.00687400",
        "qty": "22.00000000",
        "quoteQty": "0.15122800",
        "time": 1629626491596,
        "isBuyerMaker": false,
        "isBestMatch": true
    },
    {
        "id": 7372226,
        "price": "0.00687400",
        "qty": "20.00000000",
        "quoteQty": "0.13748000",
        "time": 1629626491596,
        "isBuyerMaker": false,
        "isBestMatch": true
    },
    {
        "id": 7372227,
        "price": "0.00686100",
        "qty": "29.00000000",
        "quoteQty": "0.19896900",
        "time": 1629626493784,
        "isBuyerMaker": true,
        "isBestMatch": true
    },
    {
        "id": 7372228,
        "price": "0.00685700",
        "qty": "43.00000000",
        "quoteQty": "0.29485100",
        "time": 1629626495208,
        "isBuyerMaker": true,
        "isBestMatch": true
    },
    {
        "id": 7372229,
        "price": "0.00685700",
        "qty": "481.00000000",
        "quoteQty": "3.29821700",
        "time": 1629626495208,
        "isBuyerMaker": true,
        "isBestMatch": true
    },
    {
        "id": 7372230,
        "price": "0.00685700",
        "qty": "482.00000000",
        "quoteQty": "3.30507400",
        "time": 1629626495208,
        "isBuyerMaker": true,
        "isBestMatch": true
    },
    {
        "id": 7372231,
        "price": "0.00686100",
        "qty": "190.00000000",
        "quoteQty": "1.30359000",
        "time": 1629626501331,
        "isBuyerMaker": false,
        "isBestMatch": true
    },
    {
        "id": 7372232,
        "price": "0.00686100",
        "qty": "11.00000000",
        "quoteQty": "0.07547100",
        "time": 1629626501343,
        "isBuyerMaker": true,
        "isBestMatch": true
    },
    {
        "id": 7372233,
        "price": "0.00686000",
        "qty": "29.00000000",
        "quoteQty": "0.19894000",
        "time": 1629626505853,
        "isBuyerMaker": false,
        "isBestMatch": true
    },
    {
        "id": 7372234,
        "price": "0.00686300",
        "qty": "43.00000000",
        "quoteQty": "0.29510900",
        "time": 1629626513162,
        "isBuyerMaker": false,
        "isBestMatch": true
    },
    {
        "id": 7372235,
        "price": "0.00686800",
        "qty": "120.00000000",
        "quoteQty": "0.82416000",
        "time": 1629626515732,
        "isBuyerMaker": false,
        "isBestMatch": true
    },
    {
        "id": 7372236,
        "price": "0.00686800",
        "qty": "193.00000000",
        "quoteQty": "1.32552400",
        "time": 1629626516525,
        "isBuyerMaker": false,
        "isBestMatch": true
    },
    {
        "id": 7372237,
        "price": "0.00686600",
        "qty": "13.00000000",
        "quoteQty": "0.08925800",
        "time": 1629626531992,
        "isBuyerMaker": false,
        "isBestMatch": true
    },
    {
        "id": 7372238,
        "price": "0.00686600",
        "qty": "8.00000000",
        "quoteQty": "0.05492800",
        "time": 1629626532870,
        "isBuyerMaker": false,
        "isBestMatch": true
    },
    {
        "id": 7372239,
        "price": "0.00686300",
        "qty": "1100.00000000",
        "quoteQty": "7.54930000",
        "time": 1629626537079,
        "isBuyerMaker": true,
        "isBestMatch": true
    },
    {
        "id": 7372240,
        "price": "0.00686300",
        "qty": "200.00000000",
        "quoteQty": "1.37260000",
        "time": 1629626537085,
        "isBuyerMaker": true,
        "isBestMatch": true
    },
    {
        "id": 7372241,
        "price": "0.00686300",
        "qty": "702.00000000",
        "quoteQty": "4.81782600",
        "time": 1629626537258,
        "isBuyerMaker": true,
        "isBestMatch": true
    },
    {
        "id": 7372242,
        "price": "0.00685900",
        "qty": "43.00000000",
        "quoteQty": "0.29493700",
        "time": 1629626537258,
        "isBuyerMaker": true,
        "isBestMatch": true
    },
    {
        "id": 7372243,
        "price": "0.00685200",
        "qty": "712.00000000",
        "quoteQty": "4.87862400",
        "time": 1629626537258,
        "isBuyerMaker": true,
        "isBestMatch": true
    },
    {
        "id": 7372244,
        "price": "0.00686600",
        "qty": "206.00000000",
        "quoteQty": "1.41439600",
        "time": 1629626539847,
        "isBuyerMaker": false,
        "isBestMatch": true
    },
    {
        "id": 7372245,
        "price": "0.00685700",
        "qty": "19.00000000",
        "quoteQty": "0.13028300",
        "time": 1629626545098,
        "isBuyerMaker": true,
        "isBestMatch": true
    },
    {
        "id": 7372246,
        "price": "0.00686900",
        "qty": "138.00000000",
        "quoteQty": "0.94792200",
        "time": 1629626547794,
        "isBuyerMaker": false,
        "isBestMatch": true
    },
    {
        "id": 7372247,
        "price": "0.00687100",
        "qty": "15.00000000",
        "quoteQty": "0.10306500",
        "time": 1629626558922,
        "isBuyerMaker": false,
        "isBestMatch": true
    },
    {
        "id": 7372248,
        "price": "0.00687100",
        "qty": "72.00000000",
        "quoteQty": "0.49471200",
        "time": 1629626558924,
        "isBuyerMaker": false,
        "isBestMatch": true
    },
    {
        "id": 7372249,
        "price": "0.00687100",
        "qty": "87.00000000",
        "quoteQty": "0.59777700",
        "time": 1629626562344,
        "isBuyerMaker": false,
        "isBestMatch": true
    },
    {
        "id": 7372250,
        "price": "0.00687500",
        "qty": "14.00000000",
        "quoteQty": "0.09625000",
        "time": 1629626565406,
        "isBuyerMaker": false,
        "isBestMatch": true
    },
    {
        "id": 7372251,
        "price": "0.00687500",
        "qty": "14.00000000",
        "quoteQty": "0.09625000",
        "time": 1629626565406,
        "isBuyerMaker": false,
        "isBestMatch": true
    },
    {
        "id": 7372252,
        "price": "0.00687300",
        "qty": "8.00000000",
        "quoteQty": "0.05498400",
        "time": 1629626570276,
        "isBuyerMaker": false,
        "isBestMatch": true
    },
    {
        "id": 7372253,
        "price": "0.00686900",
        "qty": "35.00000000",
        "quoteQty": "0.24041500",
        "time": 1629626581051,
        "isBuyerMaker": false,
        "isBestMatch": true
    },
    {
        "id": 7372254,
        "price": "0.00686900",
        "qty": "17.00000000",
        "quoteQty": "0.11677300",
        "time": 1629626583743,
        "isBuyerMaker": false,
        "isBestMatch": true
    },
    {
        "id": 7372255,
        "price": "0.00686200",
        "qty": "102.00000000",
        "quoteQty": "0.69992400",
        "time": 1629626586889,
        "isBuyerMaker": true,
        "isBestMatch": true
    },
    {
        "id": 7372256,
        "price": "0.00686200",
        "qty": "102.00000000",
        "quoteQty": "0.69992400",
        "time": 1629626588190,
        "isBuyerMaker": true,
        "isBestMatch": true
    },
    {
        "id": 7372257,
        "price": "0.00686200",
        "qty": "102.00000000",
        "quoteQty": "0.69992400",
        "time": 1629626588923,
        "isBuyerMaker": true,
        "isBestMatch": true
    },
    {
        "id": 7372258,
        "price": "0.00685300",
        "qty": "229.00000000",
        "quoteQty": "1.56933700",
        "time": 1629626591409,
        "isBuyerMaker": true,
        "isBestMatch": true
    },
    {
        "id": 7372259,
        "price": "0.00685700",
        "qty": "32.00000000",
        "quoteQty": "0.21942400",
        "time": 1629626592642,
        "isBuyerMaker": false,
        "isBestMatch": true
    },
    {
        "id": 7372260,
        "price": "0.00685000",
        "qty": "138.00000000",
        "quoteQty": "0.94530000",
        "time": 1629626593188,
        "isBuyerMaker": true,
        "isBestMatch": true
    },
    {
        "id": 7372261,
        "price": "0.00684600",
        "qty": "15.00000000",
        "quoteQty": "0.10269000",
        "time": 1629626594539,
        "isBuyerMaker": true,
        "isBestMatch": true
    },
    {
        "id": 7372262,
        "price": "0.00684600",
        "qty": "175.00000000",
        "quoteQty": "1.19805000",
        "time": 1629626594586,
        "isBuyerMaker": true,
        "isBestMatch": true
    },
    {
        "id": 7372263,
        "price": "0.00684500",
        "qty": "9.00000000",
        "quoteQty": "0.06160500",
        "time": 1629626595035,
        "isBuyerMaker": true,
        "isBestMatch": true
    },
    {
        "id": 7372264,
        "price": "0.00684500",
        "qty": "9.00000000",
        "quoteQty": "0.06160500",
        "time": 1629626596049,
        "isBuyerMaker": true,
        "isBestMatch": true
    },
    {
        "id": 7372265,
        "price": "0.00684500",
        "qty": "9.00000000",
        "quoteQty": "0.06160500",
        "time": 1629626597959,
        "isBuyerMaker": true,
        "isBestMatch": true
    },
    {
        "id": 7372266,
        "price": "0.00684500",
        "qty": "9.00000000",
        "quoteQty": "0.06160500",
        "time": 1629626598994,
        "isBuyerMaker": true,
        "isBestMatch": true
    },
    {
        "id": 7372267,
        "price": "0.00684500",
        "qty": "9.00000000",
        "quoteQty": "0.06160500",
        "time": 1629626600265,
        "isBuyerMaker": true,
        "isBestMatch": true
    },
    {
        "id": 7372268,
        "price": "0.00684500",
        "qty": "9.00000000",
        "quoteQty": "0.06160500",
        "time": 1629626601560,
        "isBuyerMaker": true,
        "isBestMatch": true
    },
    {
        "id": 7372269,
        "price": "0.00684500",
        "qty": "9.00000000",
        "quoteQty": "0.06160500",
        "time": 1629626603219,
        "isBuyerMaker": true,
        "isBestMatch": true
    },
    {
        "id": 7372270,
        "price": "0.00684500",
        "qty": "9.00000000",
        "quoteQty": "0.06160500",
        "time": 1629626607822,
        "isBuyerMaker": true,
        "isBestMatch": true
    },
    {
        "id": 7372271,
        "price": "0.00684500",
        "qty": "9.00000000",
        "quoteQty": "0.06160500",
        "time": 1629626614014,
        "isBuyerMaker": true,
        "isBestMatch": true
    },
    {
        "id": 7372272,
        "price": "0.00684500",
        "qty": "9.00000000",
        "quoteQty": "0.06160500",
        "time": 1629626616369,
        "isBuyerMaker": true,
        "isBestMatch": true
    },
    {
        "id": 7372273,
        "price": "0.00684500",
        "qty": "9.00000000",
        "quoteQty": "0.06160500",
        "time": 1629626619606,
        "isBuyerMaker": true,
        "isBestMatch": true
    },
    {
        "id": 7372274,
        "price": "0.00684500",
        "qty": "9.00000000",
        "quoteQty": "0.06160500",
        "time": 1629626624019,
        "isBuyerMaker": true,
        "isBestMatch": true
    },
    {
        "id": 7372275,
        "price": "0.00684500",
        "qty": "9.00000000",
        "quoteQty": "0.06160500",
        "time": 1629626625224,
        "isBuyerMaker": true,
        "isBestMatch": true
    },
    {
        "id": 7372276,
        "price": "0.00684500",
        "qty": "9.00000000",
        "quoteQty": "0.06160500",
        "time": 1629626626824,
        "isBuyerMaker": true,
        "isBestMatch": true
    },
    {
        "id": 7372277,
        "price": "0.00684500",
        "qty": "9.00000000",
        "quoteQty": "0.06160500",
        "time": 1629626628077,
        "isBuyerMaker": true,
        "isBestMatch": true
    },
    {
        "id": 7372278,
        "price": "0.00684500",
        "qty": "137.00000000",
        "quoteQty": "0.93776500",
        "time": 1629626629460,
        "isBuyerMaker": true,
        "isBestMatch": true
    },
    {
        "id": 7372279,
        "price": "0.00683900",
        "qty": "43.00000000",
        "quoteQty": "0.29407700",
        "time": 1629626630234,
        "isBuyerMaker": true,
        "isBestMatch": true
    },
    {
        "id": 7372280,
        "price": "0.00683800",
        "qty": "963.00000000",
        "quoteQty": "6.58499400",
        "time": 1629626630256,
        "isBuyerMaker": true,
        "isBestMatch": true
    },
    {
        "id": 7372281,
        "price": "0.00684000",
        "qty": "93.00000000",
        "quoteQty": "0.63612000",
        "time": 1629626631475,
        "isBuyerMaker": true,
        "isBestMatch": true
    },
    {
        "id": 7372282,
        "price": "0.00684300",
        "qty": "19.00000000",
        "quoteQty": "0.13001700",
        "time": 1629626632945,
        "isBuyerMaker": false,
        "isBestMatch": true
    },
    {
        "id": 7372283,
        "price": "0.00684300",
        "qty": "24.00000000",
        "quoteQty": "0.16423200",
        "time": 1629626633519,
        "isBuyerMaker": false,
        "isBestMatch": true
    },
    {
        "id": 7372284,
        "price": "0.00684000",
        "qty": "93.00000000",
        "quoteQty": "0.63612000",
        "time": 1629626677062,
        "isBuyerMaker": true,
        "isBestMatch": true
    },
    {
        "id": 7372285,
        "price": "0.00684300",
        "qty": "20.00000000",
        "quoteQty": "0.13686000",
        "time": 1629626705048,
        "isBuyerMaker": false,
        "isBestMatch": true
    },
    {
        "id": 7372286,
        "price": "0.00684400",
        "qty": "190.00000000",
        "quoteQty": "1.30036000",
        "time": 1629626705302,
        "isBuyerMaker": false,
        "isBestMatch": true
    },
    {
        "id": 7372287,
        "price": "0.00684300",
        "qty": "190.00000000",
        "quoteQty": "1.30017000",
        "time": 1629626705320,
        "isBuyerMaker": false,
        "isBestMatch": true
    },
    {
        "id": 7372288,
        "price": "0.00684300",
        "qty": "43.00000000",
        "quoteQty": "0.29424900",
        "time": 1629626714040,
        "isBuyerMaker": true,
        "isBestMatch": true
    },
    {
        "id": 7372289,
        "price": "0.00683700",
        "qty": "15.00000000",
        "quoteQty": "0.10255500",
        "time": 1629626715052,
        "isBuyerMaker": true,
        "isBestMatch": true
    },
    {
        "id": 7372290,
        "price": "0.00683700",
        "qty": "14.00000000",
        "quoteQty": "0.09571800",
        "time": 1629626715052,
        "isBuyerMaker": true,
        "isBestMatch": true
    },
    {
        "id": 7372291,
        "price": "0.00683600",
        "qty": "14.00000000",
        "quoteQty": "0.09570400",
        "time": 1629626715302,
        "isBuyerMaker": true,
        "isBestMatch": true
    },
    {
        "id": 7372292,
        "price": "0.00683500",
        "qty": "38.00000000",
        "quoteQty": "0.25973000",
        "time": 1629626715314,
        "isBuyerMaker": true,
        "isBestMatch": true
    },
    {
        "id": 7372293,
        "price": "0.00683500",
        "qty": "195.00000000",
        "quoteQty": "1.33282500",
        "time": 1629626715314,
        "isBuyerMaker": true,
        "isBestMatch": true
    },
    {
        "id": 7372294,
        "price": "0.00683400",
        "qty": "168.00000000",
        "quoteQty": "1.14811200",
        "time": 1629626715323,
        "isBuyerMaker": true,
        "isBestMatch": true
    },
    {
        "id": 7372295,
        "price": "0.00683400",
        "qty": "59.00000000",
        "quoteQty": "0.40320600",
        "time": 1629626716467,
        "isBuyerMaker": true,
        "isBestMatch": true
    },
    {
        "id": 7372296,
        "price": "0.00683100",
        "qty": "162.00000000",
        "quoteQty": "1.10662200",
        "time": 1629626720033,
        "isBuyerMaker": true,
        "isBestMatch": true
    },
    {
        "id": 7372297,
        "price": "0.00682800",
        "qty": "190.00000000",
        "quoteQty": "1.29732000",
        "time": 1629626722604,
        "isBuyerMaker": true,
        "isBestMatch": true
    },
    {
        "id": 7372298,
        "price": "0.00682700",
        "qty": "15.00000000",
        "quoteQty": "0.10240500",
        "time": 1629626722604,
        "isBuyerMaker": true,
        "isBestMatch": true
    },
    {
        "id": 7372299,
        "price": "0.00682700",
        "qty": "15.00000000",
        "quoteQty": "0.10240500",
        "time": 1629626722604,
        "isBuyerMaker": true,
        "isBestMatch": true
    },
    {
        "id": 7372300,
        "price": "0.00682400",
        "qty": "14.00000000",
        "quoteQty": "0.09553600",
        "time": 1629626722604,
        "isBuyerMaker": true,
        "isBestMatch": true
    },
    {
        "id": 7372301,
        "price": "0.00682400",
        "qty": "22.00000000",
        "quoteQty": "0.15012800",
        "time": 1629626722604,
        "isBuyerMaker": true,
        "isBestMatch": true
    },
    {
        "id": 7372302,
        "price": "0.00682200",
        "qty": "108.00000000",
        "quoteQty": "0.73677600",
        "time": 1629626722604,
        "isBuyerMaker": true,
        "isBestMatch": true
    },
    {
        "id": 7372303,
        "price": "0.00683700",
        "qty": "43.00000000",
        "quoteQty": "0.29399100",
        "time": 1629626730754,
        "isBuyerMaker": false,
        "isBestMatch": true
    },
    {
        "id": 7372304,
        "price": "0.00683500",
        "qty": "190.00000000",
        "quoteQty": "1.29865000",
        "time": 1629626733919,
        "isBuyerMaker": true,
        "isBestMatch": true
    },
    {
        "id": 7372305,
        "price": "0.00683400",
        "qty": "43.00000000",
        "quoteQty": "0.29386200",
        "time": 1629626734141,
        "isBuyerMaker": true,
        "isBestMatch": true
    },
    {
        "id": 7372306,
        "price": "0.00683000",
        "qty": "428.00000000",
        "quoteQty": "2.92324000",
        "time": 1629626734765,
        "isBuyerMaker": true,
        "isBestMatch": true
    },
    {
        "id": 7372307,
        "price": "0.00683300",
        "qty": "190.00000000",
        "quoteQty": "1.29827000",
        "time": 1629626738025,
        "isBuyerMaker": false,
        "isBestMatch": true
    },
    {
        "id": 7372308,
        "price": "0.00683300",
        "qty": "190.00000000",
        "quoteQty": "1.29827000",
        "time": 1629626738173,
        "isBuyerMaker": false,
        "isBestMatch": true
    },
    {
        "id": 7372309,
        "price": "0.00683300",
        "qty": "190.00000000",
        "quoteQty": "1.29827000",
        "time": 1629626738196,
        "isBuyerMaker": false,
        "isBestMatch": true
    },
    {
        "id": 7372310,
        "price": "0.00683500",
        "qty": "43.00000000",
        "quoteQty": "0.29390500",
        "time": 1629626738380,
        "isBuyerMaker": false,
        "isBestMatch": true
    },
    {
        "id": 7372311,
        "price": "0.00682800",
        "qty": "190.00000000",
        "quoteQty": "1.29732000",
        "time": 1629626740679,
        "isBuyerMaker": true,
        "isBestMatch": true
    },
    {
        "id": 7372312,
        "price": "0.00682800",
        "qty": "43.00000000",
        "quoteQty": "0.29360400",
        "time": 1629626740679,
        "isBuyerMaker": true,
        "isBestMatch": true
    },
    {
        "id": 7372313,
        "price": "0.00682900",
        "qty": "190.00000000",
        "quoteQty": "1.29751000",
        "time": 1629626740699,
        "isBuyerMaker": true,
        "isBestMatch": true
    },
    {
        "id": 7372314,
        "price": "0.00682600",
        "qty": "190.00000000",
        "quoteQty": "1.29694000",
        "time": 1629626741698,
        "isBuyerMaker": true,
        "isBestMatch": true
    },
    {
        "id": 7372315,
        "price": "0.00682700",
        "qty": "80.00000000",
        "quoteQty": "0.54616000",
        "time": 1629626745795,
        "isBuyerMaker": false,
        "isBestMatch": true
    },
    {
        "id": 7372316,
        "price": "0.00682000",
        "qty": "14.00000000",
        "quoteQty": "0.09548000",
        "time": 1629626747163,
        "isBuyerMaker": true,
        "isBestMatch": true
    },
    {
        "id": 7372317,
        "price": "0.00681900",
        "qty": "25.00000000",
        "quoteQty": "0.17047500",
        "time": 1629626748956,
        "isBuyerMaker": true,
        "isBestMatch": true
    },
    {
        "id": 7372318,
        "price": "0.00681900",
        "qty": "7.00000000",
        "quoteQty": "0.04773300",
        "time": 1629626748956,
        "isBuyerMaker": true,
        "isBestMatch": true
    },
    {
        "id": 7372319,
        "price": "0.00681900",
        "qty": "183.00000000",
        "quoteQty": "1.24787700",
        "time": 1629626748959,
        "isBuyerMaker": true,
        "isBestMatch": true
    },
    {
        "id": 7372320,
        "price": "0.00682300",
        "qty": "190.00000000",
        "quoteQty": "1.29637000",
        "time": 1629626749203,
        "isBuyerMaker": false,
        "isBestMatch": true
    },
    {
        "id": 7372321,
        "price": "0.00682400",
        "qty": "50.00000000",
        "quoteQty": "0.34120000",
        "time": 1629626749203,
        "isBuyerMaker": false,
        "isBestMatch": true
    },
    {
        "id": 7372322,
        "price": "0.00681700",
        "qty": "190.00000000",
        "quoteQty": "1.29523000",
        "time": 1629626749440,
        "isBuyerMaker": true,
        "isBestMatch": true
    },
    {
        "id": 7372323,
        "price": "0.00681600",
        "qty": "14.00000000",
        "quoteQty": "0.09542400",
        "time": 1629626749486,
        "isBuyerMaker": true,
        "isBestMatch": true
    },
    {
        "id": 7372324,
        "price": "0.00682100",
        "qty": "121.00000000",
        "quoteQty": "0.82534100",
        "time": 1629626751384,
        "isBuyerMaker": true,
        "isBestMatch": true
    },
    {
        "id": 7372325,
        "price": "0.00682100",
        "qty": "121.00000000",
        "quoteQty": "0.82534100",
        "time": 1629626752676,
        "isBuyerMaker": true,
        "isBestMatch": true
    },
    {
        "id": 7372326,
        "price": "0.00681600",
        "qty": "98.00000000",
        "quoteQty": "0.66796800",
        "time": 1629626757965,
        "isBuyerMaker": true,
        "isBestMatch": true
    },
    {
        "id": 7372327,
        "price": "0.00681600",
        "qty": "190.00000000",
        "quoteQty": "1.29504000",
        "time": 1629626757965,
        "isBuyerMaker": true,
        "isBestMatch": true
    },
    {
        "id": 7372328,
        "price": "0.00681600",
        "qty": "15.00000000",
        "quoteQty": "0.10224000",
        "time": 1629626762552,
        "isBuyerMaker": true,
        "isBestMatch": true
    },
    {
        "id": 7372329,
        "price": "0.00681600",
        "qty": "68.00000000",
        "quoteQty": "0.46348800",
        "time": 1629626762618,
        "isBuyerMaker": true,
        "isBestMatch": true
    },
    {
        "id": 7372330,
        "price": "0.00681600",
        "qty": "15.00000000",
        "quoteQty": "0.10224000",
        "time": 1629626762657,
        "isBuyerMaker": true,
        "isBestMatch": true
    },
    {
        "id": 7372331,
        "price": "0.00682100",
        "qty": "43.00000000",
        "quoteQty": "0.29330300",
        "time": 1629626775052,
        "isBuyerMaker": false,
        "isBestMatch": true
    },
    {
        "id": 7372332,
        "price": "0.00682700",
        "qty": "100.00000000",
        "quoteQty": "0.68270000",
        "time": 1629626782980,
        "isBuyerMaker": false,
        "isBestMatch": true
    },
    {
        "id": 7372333,
        "price": "0.00682800",
        "qty": "220.00000000",
        "quoteQty": "1.50216000",
        "time": 1629626782980,
        "isBuyerMaker": false,
        "isBestMatch": true
    },
    {
        "id": 7372334,
        "price": "0.00681900",
        "qty": "190.00000000",
        "quoteQty": "1.29561000",
        "time": 1629626794648,
        "isBuyerMaker": true,
        "isBestMatch": true
    },
    {
        "id": 7372335,
        "price": "0.00681900",
        "qty": "43.00000000",
        "quoteQty": "0.29321700",
        "time": 1629626794648,
        "isBuyerMaker": true,
        "isBestMatch": true
    },
    {
        "id": 7372336,
        "price": "0.00681400",
        "qty": "20.00000000",
        "quoteQty": "0.13628000",
        "time": 1629626796687,
        "isBuyerMaker": true,
        "isBestMatch": true
    },
    {
        "id": 7372337,
        "price": "0.00682000",
        "qty": "43.00000000",
        "quoteQty": "0.29326000",
        "time": 1629626801707,
        "isBuyerMaker": false,
        "isBestMatch": true
    },
    {
        "id": 7372338,
        "price": "0.00681300",
        "qty": "12.00000000",
        "quoteQty": "0.08175600",
        "time": 1629626812057,
        "isBuyerMaker": true,
        "isBestMatch": true
    },
    {
        "id": 7372339,
        "price": "0.00681300",
        "qty": "38.00000000",
        "quoteQty": "0.25889400",
        "time": 1629626812057,
        "isBuyerMaker": true,
        "isBestMatch": true
    },
    {
        "id": 7372340,
        "price": "0.00681200",
        "qty": "14.00000000",
        "quoteQty": "0.09536800",
        "time": 1629626813166,
