[
    {
        "id": 29091151,
        "price": "0.00057098",
        "qty": "1.50000000",
        "quoteQty": "0.00085647",
        "time": 1629627327368,
        "isBuyerMaker": false,
        "isBestMatch": true
    },
    {
        "id": 29091152,
        "price": "0.00057097",
        "qty": "0.70000000",
        "quoteQty": "0.00039967",
        "time": 1629627328150,
        "isBuyerMaker": true,
        "isBestMatch": true
    },
    {
        "id": 29091153,
        "price": "0.00057097",
        "qty": "1.90000000",
        "quoteQty": "0.00108484",
        "time": 1629627328150,
        "isBuyerMaker": true,
        "isBestMatch": true
    },
    {
        "id": 29091154,
        "price": "0.00057097",
        "qty": "14.00000000",
        "quoteQty": "0.00799358",
        "time": 1629627328150,
        "isBuyerMaker": true,
        "isBestMatch": true
    },
    {
        "id": 29091155,
        "price": "0.00057097",
        "qty": "0.50000000",
        "quoteQty": "0.00028548",
        "time": 1629627328150,
        "isBuyerMaker": true,
        "isBestMatch": true
    },
    {
        "id": 29091156,
        "price": "0.00057097",
        "qty": "0.90000000",
        "quoteQty": "0.00051387",
        "time": 1629627328259,
        "isBuyerMaker": false,
        "isBestMatch": true
    },
    {
        "id": 29091157,
        "price": "0.00057097",
        "qty": "0.60000000",
        "quoteQty": "0.00034258",
        "time": 1629627328847,
        "isBuyerMaker": false,
        "isBestMatch": true
    },
    {
        "id": 29091158,
        "price": "0.00057096",
        "qty": "1.10000000",
        "quoteQty": "0.00062805",
        "time": 1629627330158,
        "isBuyerMaker": false,
        "isBestMatch": true
    },
    {
        "id": 29091159,
        "price": "0.00057096",
        "qty": "14.60000000",
        "quoteQty": "0.00833601",
        "time": 1629627330170,
        "isBuyerMaker": false,
        "isBestMatch": true
    },
    {
        "id": 29091160,
        "price": "0.00057096",
        "qty": "0.70000000",
        "quoteQty": "0.00039967",
        "time": 1629627330800,
        "isBuyerMaker": false,
        "isBestMatch": true
    },
    {
        "id": 29091161,
        "price": "0.00057096",
        "qty": "0.70000000",
        "quoteQty": "0.00039967",
        "time": 1629627331613,
        "isBuyerMaker": false,
        "isBestMatch": true
    },
    {
        "id": 29091162,
        "price": "0.00057077",
        "qty": "34.60000000",
        "quoteQty": "0.01974864",
        "time": 1629627334039,
        "isBuyerMaker": false,
        "isBestMatch": true
    },
    {
        "id": 29091163,
        "price": "0.00057066",
        "qty": "30.00000000",
        "quoteQty": "0.01711980",
        "time": 1629627334455,
        "isBuyerMaker": false,
        "isBestMatch": true
    },
    {
        "id": 29091164,
        "price": "0.00057065",
        "qty": "2.10000000",
        "quoteQty": "0.00119836",
        "time": 1629627334639,
        "isBuyerMaker": false,
        "isBestMatch": true
    },
    {
        "id": 29091165,
        "price": "0.00057064",
        "qty": "0.50000000",
        "quoteQty": "0.00028532",
        "time": 1629627334959,
        "isBuyerMaker": false,
        "isBestMatch": true
    },
    {
        "id": 29091166,
        "price": "0.00057064",
        "qty": "1.00000000",
        "quoteQty": "0.00057064",
        "time": 1629627335108,
        "isBuyerMaker": false,
        "isBestMatch": true
    },
    {
        "id": 29091167,
        "price": "0.00057064",
        "qty": "1.90000000",
        "quoteQty": "0.00108421",
        "time": 1629627335337,
        "isBuyerMaker": false,
        "isBestMatch": true
    },
    {
        "id": 29091168,
        "price": "0.00057064",
        "qty": "1.00000000",
        "quoteQty": "0.00057064",
        "time": 1629627335455,
        "isBuyerMaker": false,
        "isBestMatch": true
    },
    {
        "id": 29091169,
        "price": "0.00057064",
        "qty": "2.80000000",
        "quoteQty": "0.00159779",
        "time": 1629627335490,
        "isBuyerMaker": false,
        "isBestMatch": true
    },
    {
        "id": 29091170,
        "price": "0.00057065",
        "qty": "0.90000000",
        "quoteQty": "0.00051358",
        "time": 1629627335618,
        "isBuyerMaker": false,
        "isBestMatch": true
    },
    {
        "id": 29091171,
        "price": "0.00057064",
        "qty": "1.50000000",
        "quoteQty": "0.00085596",
        "time": 1629627336211,
        "isBuyerMaker": false,
        "isBestMatch": true
    },
    {
        "id": 29091172,
        "price": "0.00057061",
        "qty": "30.00000000",
        "quoteQty": "0.01711830",
        "time": 1629627337522,
        "isBuyerMaker": false,
        "isBestMatch": true
    },
    {
        "id": 29091173,
        "price": "0.00057058",
        "qty": "2.20000000",
        "quoteQty": "0.00125527",
        "time": 1629627340692,
        "isBuyerMaker": false,
        "isBestMatch": true
    },
    {
        "id": 29091174,
        "price": "0.00057058",
        "qty": "0.90000000",
        "quoteQty": "0.00051352",
        "time": 1629627340926,
        "isBuyerMaker": false,
        "isBestMatch": true
    },
    {
        "id": 29091175,
        "price": "0.00057058",
        "qty": "1.10000000",
        "quoteQty": "0.00062763",
        "time": 1629627341549,
        "isBuyerMaker": false,
        "isBestMatch": true
    },
    {
        "id": 29091176,
        "price": "0.00057065",
        "qty": "2.60000000",
        "quoteQty": "0.00148369",
        "time": 1629627342044,
        "isBuyerMaker": false,
        "isBestMatch": true
    },
    {
        "id": 29091177,
        "price": "0.00057070",
        "qty": "17.20000000",
        "quoteQty": "0.00981604",
        "time": 1629627343276,
        "isBuyerMaker": false,
        "isBestMatch": true
    },
    {
        "id": 29091178,
        "price": "0.00057061",
        "qty": "1.00000000",
        "quoteQty": "0.00057061",
        "time": 1629627345358,
        "isBuyerMaker": true,
        "isBestMatch": true
    },
    {
        "id": 29091179,
        "price": "0.00057062",
        "qty": "1.30000000",
        "quoteQty": "0.00074180",
        "time": 1629627346575,
        "isBuyerMaker": false,
        "isBestMatch": true
    },
    {
        "id": 29091180,
        "price": "0.00057061",
        "qty": "0.10000000",
        "quoteQty": "0.00005706",
        "time": 1629627348451,
        "isBuyerMaker": true,
        "isBestMatch": true
    },
    {
        "id": 29091181,
        "price": "0.00057061",
        "qty": "2.00000000",
        "quoteQty": "0.00114122",
        "time": 1629627348451,
        "isBuyerMaker": true,
        "isBestMatch": true
    },
    {
        "id": 29091182,
        "price": "0.00057061",
        "qty": "0.80000000",
        "quoteQty": "0.00045648",
        "time": 1629627354787,
        "isBuyerMaker": true,
        "isBestMatch": true
    },
    {
        "id": 29091183,
        "price": "0.00057061",
        "qty": "0.30000000",
        "quoteQty": "0.00017118",
        "time": 1629627354787,
        "isBuyerMaker": true,
        "isBestMatch": true
    },
    {
        "id": 29091184,
        "price": "0.00057061",
        "qty": "0.70000000",
        "quoteQty": "0.00039942",
        "time": 1629627354787,
        "isBuyerMaker": true,
        "isBestMatch": true
    },
    {
        "id": 29091185,
        "price": "0.00057061",
        "qty": "5.20000000",
        "quoteQty": "0.00296717",
        "time": 1629627354787,
        "isBuyerMaker": true,
        "isBestMatch": true
    },
    {
        "id": 29091186,
        "price": "0.00057061",
        "qty": "1.10000000",
        "quoteQty": "0.00062767",
        "time": 1629627354787,
        "isBuyerMaker": true,
        "isBestMatch": true
    },
    {
        "id": 29091187,
        "price": "0.00057061",
        "qty": "0.50000000",
        "quoteQty": "0.00028530",
        "time": 1629627354787,
        "isBuyerMaker": true,
        "isBestMatch": true
    },
    {
        "id": 29091188,
        "price": "0.00057061",
        "qty": "0.90000000",
        "quoteQty": "0.00051354",
        "time": 1629627354787,
        "isBuyerMaker": true,
        "isBestMatch": true
    },
    {
        "id": 29091189,
        "price": "0.00057061",
        "qty": "2.80000000",
        "quoteQty": "0.00159770",
        "time": 1629627354787,
        "isBuyerMaker": true,
        "isBestMatch": true
    },
    {
        "id": 29091190,
        "price": "0.00057058",
        "qty": "12.30000000",
        "quoteQty": "0.00701813",
        "time": 1629627354798,
        "isBuyerMaker": true,
        "isBestMatch": true
    },
    {
        "id": 29091191,
        "price": "0.00057058",
        "qty": "1.90000000",
        "quoteQty": "0.00108410",
        "time": 1629627354857,
        "isBuyerMaker": true,
        "isBestMatch": true
    },
    {
        "id": 29091192,
        "price": "0.00057048",
        "qty": "0.70000000",
        "quoteQty": "0.00039933",
        "time": 1629627361087,
        "isBuyerMaker": false,
        "isBestMatch": true
    },
    {
        "id": 29091193,
        "price": "0.00057062",
        "qty": "1.70000000",
        "quoteQty": "0.00097005",
        "time": 1629627364624,
        "isBuyerMaker": false,
        "isBestMatch": true
    },
    {
        "id": 29091194,
        "price": "0.00057062",
        "qty": "3.10000000",
        "quoteQty": "0.00176892",
        "time": 1629627367924,
        "isBuyerMaker": true,
        "isBestMatch": true
    },
    {
        "id": 29091195,
        "price": "0.00057062",
        "qty": "1.00000000",
        "quoteQty": "0.00057062",
        "time": 1629627368353,
        "isBuyerMaker": true,
        "isBestMatch": true
    },
    {
        "id": 29091196,
        "price": "0.00057060",
        "qty": "4.30000000",
        "quoteQty": "0.00245358",
        "time": 1629627368355,
        "isBuyerMaker": true,
        "isBestMatch": true
    },
    {
        "id": 29091197,
        "price": "0.00057048",
        "qty": "1.00000000",
        "quoteQty": "0.00057048",
        "time": 1629627368382,
        "isBuyerMaker": true,
        "isBestMatch": true
    },
    {
        "id": 29091198,
        "price": "0.00057048",
        "qty": "1.50000000",
        "quoteQty": "0.00085572",
        "time": 1629627368382,
        "isBuyerMaker": true,
        "isBestMatch": true
    },
    {
        "id": 29091199,
        "price": "0.00057046",
        "qty": "1.10000000",
        "quoteQty": "0.00062750",
        "time": 1629627368397,
        "isBuyerMaker": true,
        "isBestMatch": true
    },
    {
        "id": 29091200,
        "price": "0.00057046",
        "qty": "0.50000000",
        "quoteQty": "0.00028523",
        "time": 1629627368397,
        "isBuyerMaker": true,
        "isBestMatch": true
    },
    {
        "id": 29091201,
        "price": "0.00057043",
        "qty": "0.40000000",
        "quoteQty": "0.00022817",
        "time": 1629627368403,
        "isBuyerMaker": true,
        "isBestMatch": true
    },
    {
        "id": 29091202,
        "price": "0.00057040",
        "qty": "2.10000000",
        "quoteQty": "0.00119784",
        "time": 1629627368403,
        "isBuyerMaker": true,
        "isBestMatch": true
    },
    {
        "id": 29091203,
        "price": "0.00057040",
        "qty": "13.60000000",
        "quoteQty": "0.00775744",
        "time": 1629627368456,
        "isBuyerMaker": true,
        "isBestMatch": true
    },
    {
        "id": 29091204,
        "price": "0.00057048",
        "qty": "0.80000000",
        "quoteQty": "0.00045638",
        "time": 1629627369001,
        "isBuyerMaker": false,
        "isBestMatch": true
    },
    {
        "id": 29091205,
        "price": "0.00057035",
        "qty": "6.00000000",
        "quoteQty": "0.00342210",
        "time": 1629627369143,
        "isBuyerMaker": true,
        "isBestMatch": true
    },
    {
        "id": 29091206,
        "price": "0.00057011",
        "qty": "6.00000000",
        "quoteQty": "0.00342066",
        "time": 1629627369153,
        "isBuyerMaker": true,
        "isBestMatch": true
    },
    {
        "id": 29091207,
        "price": "0.00057027",
        "qty": "60.00000000",
        "quoteQty": "0.03421620",
        "time": 1629627369572,
        "isBuyerMaker": false,
        "isBestMatch": true
    },
    {
        "id": 29091208,
        "price": "0.00057040",
        "qty": "34.60000000",
        "quoteQty": "0.01973584",
        "time": 1629627369815,
        "isBuyerMaker": false,
        "isBestMatch": true
    },
    {
        "id": 29091209,
        "price": "0.00057030",
        "qty": "1.10000000",
        "quoteQty": "0.00062733",
        "time": 1629627371899,
        "isBuyerMaker": false,
        "isBestMatch": true
    },
    {
        "id": 29091210,
        "price": "0.00057029",
        "qty": "1.20000000",
        "quoteQty": "0.00068434",
        "time": 1629627372009,
        "isBuyerMaker": false,
        "isBestMatch": true
    },
    {
        "id": 29091211,
        "price": "0.00057021",
        "qty": "0.90000000",
        "quoteQty": "0.00051318",
        "time": 1629627374614,
        "isBuyerMaker": false,
        "isBestMatch": true
    },
    {
        "id": 29091212,
        "price": "0.00057020",
        "qty": "1.10000000",
        "quoteQty": "0.00062722",
        "time": 1629627375031,
        "isBuyerMaker": false,
        "isBestMatch": true
    },
    {
        "id": 29091213,
        "price": "0.00057020",
        "qty": "34.50000000",
        "quoteQty": "0.01967190",
        "time": 1629627375051,
        "isBuyerMaker": false,
        "isBestMatch": true
    },
    {
        "id": 29091214,
        "price": "0.00057017",
        "qty": "7.60000000",
        "quoteQty": "0.00433329",
        "time": 1629627375486,
        "isBuyerMaker": false,
        "isBestMatch": true
    },
    {
        "id": 29091215,
        "price": "0.00057020",
        "qty": "9.20000000",
        "quoteQty": "0.00524584",
        "time": 1629627375486,
        "isBuyerMaker": false,
        "isBestMatch": true
    },
    {
        "id": 29091216,
        "price": "0.00057021",
        "qty": "13.20000000",
        "quoteQty": "0.00752677",
        "time": 1629627375486,
        "isBuyerMaker": false,
        "isBestMatch": true
    },
    {
        "id": 29091217,
        "price": "0.00057009",
        "qty": "1.20000000",
        "quoteQty": "0.00068410",
        "time": 1629627376050,
        "isBuyerMaker": true,
        "isBestMatch": true
    },
    {
        "id": 29091218,
        "price": "0.00057009",
        "qty": "56.00000000",
        "quoteQty": "0.03192504",
        "time": 1629627376050,
        "isBuyerMaker": true,
        "isBestMatch": true
    },
    {
        "id": 29091219,
        "price": "0.00057007",
        "qty": "4.30000000",
        "quoteQty": "0.00245130",
        "time": 1629627376050,
        "isBuyerMaker": true,
        "isBestMatch": true
    },
    {
        "id": 29091220,
        "price": "0.00057001",
        "qty": "9.50000000",
        "quoteQty": "0.00541509",
        "time": 1629627376050,
        "isBuyerMaker": true,
        "isBestMatch": true
    },
    {
        "id": 29091221,
        "price": "0.00057009",
        "qty": "56.00000000",
        "quoteQty": "0.03192504",
        "time": 1629627378053,
        "isBuyerMaker": true,
        "isBestMatch": true
    },
    {
        "id": 29091222,
        "price": "0.00057006",
        "qty": "15.10000000",
        "quoteQty": "0.00860790",
        "time": 1629627378053,
        "isBuyerMaker": true,
        "isBestMatch": true
    },
    {
        "id": 29091223,
        "price": "0.00057020",
        "qty": "1.10000000",
        "quoteQty": "0.00062722",
        "time": 1629627378066,
        "isBuyerMaker": false,
        "isBestMatch": true
    },
    {
        "id": 29091224,
        "price": "0.00057006",
        "qty": "70.00000000",
        "quoteQty": "0.03990420",
        "time": 1629627379051,
        "isBuyerMaker": true,
        "isBestMatch": true
    },
    {
        "id": 29091225,
        "price": "0.00057033",
        "qty": "0.80000000",
        "quoteQty": "0.00045626",
        "time": 1629627381469,
        "isBuyerMaker": false,
        "isBestMatch": true
    },
    {
        "id": 29091226,
        "price": "0.00057031",
        "qty": "1.40000000",
        "quoteQty": "0.00079843",
        "time": 1629627382552,
        "isBuyerMaker": false,
        "isBestMatch": true
    },
    {
        "id": 29091227,
        "price": "0.00057011",
        "qty": "34.60000000",
        "quoteQty": "0.01972580",
        "time": 1629627385077,
        "isBuyerMaker": false,
        "isBestMatch": true
    },
    {
        "id": 29091228,
        "price": "0.00057006",
        "qty": "9.00000000",
        "quoteQty": "0.00513054",
        "time": 1629627385611,
        "isBuyerMaker": false,
        "isBestMatch": true
    },
    {
        "id": 29091229,
        "price": "0.00057007",
        "qty": "21.00000000",
        "quoteQty": "0.01197147",
        "time": 1629627385611,
        "isBuyerMaker": false,
        "isBestMatch": true
    },
    {
        "id": 29091230,
        "price": "0.00057016",
        "qty": "1.10000000",
        "quoteQty": "0.00062717",
        "time": 1629627388018,
        "isBuyerMaker": false,
        "isBestMatch": true
    },
    {
        "id": 29091231,
        "price": "0.00056999",
        "qty": "0.40000000",
        "quoteQty": "0.00022799",
        "time": 1629627388891,
        "isBuyerMaker": true,
        "isBestMatch": true
    },
    {
        "id": 29091232,
        "price": "0.00056981",
        "qty": "8.40000000",
        "quoteQty": "0.00478640",
        "time": 1629627388891,
        "isBuyerMaker": true,
        "isBestMatch": true
    },
    {
        "id": 29091233,
        "price": "0.00057019",
        "qty": "0.30000000",
        "quoteQty": "0.00017105",
        "time": 1629627392230,
        "isBuyerMaker": false,
        "isBestMatch": true
    },
    {
        "id": 29091234,
        "price": "0.00057025",
        "qty": "0.20000000",
        "quoteQty": "0.00011405",
        "time": 1629627394098,
        "isBuyerMaker": false,
        "isBestMatch": true
    },
    {
        "id": 29091235,
        "price": "0.00057026",
        "qty": "0.40000000",
        "quoteQty": "0.00022810",
        "time": 1629627394485,
        "isBuyerMaker": false,
        "isBestMatch": true
    },
    {
        "id": 29091236,
        "price": "0.00057030",
        "qty": "7.50000000",
        "quoteQty": "0.00427725",
        "time": 1629627409011,
        "isBuyerMaker": true,
        "isBestMatch": true
    },
    {
        "id": 29091237,
        "price": "0.00057020",
        "qty": "1.20000000",
        "quoteQty": "0.00068424",
        "time": 1629627410405,
        "isBuyerMaker": false,
        "isBestMatch": true
    },
    {
        "id": 29091238,
        "price": "0.00057000",
        "qty": "7.80000000",
        "quoteQty": "0.00444600",
        "time": 1629627413028,
        "isBuyerMaker": false,
        "isBestMatch": true
    },
    {
        "id": 29091239,
        "price": "0.00056994",
        "qty": "9.90000000",
        "quoteQty": "0.00564240",
        "time": 1629627413412,
        "isBuyerMaker": false,
        "isBestMatch": true
    },
    {
        "id": 29091240,
        "price": "0.00056994",
        "qty": "20.10000000",
        "quoteQty": "0.01145579",
        "time": 1629627413412,
        "isBuyerMaker": false,
        "isBestMatch": true
    },
    {
        "id": 29091241,
        "price": "0.00056989",
        "qty": "0.70000000",
        "quoteQty": "0.00039892",
        "time": 1629627415372,
        "isBuyerMaker": false,
        "isBestMatch": true
    },
    {
        "id": 29091242,
        "price": "0.00056997",
        "qty": "96.30000000",
        "quoteQty": "0.05488811",
        "time": 1629627418580,
        "isBuyerMaker": false,
        "isBestMatch": true
    },
    {
        "id": 29091243,
        "price": "0.00057038",
        "qty": "5.60000000",
        "quoteQty": "0.00319412",
        "time": 1629627432489,
        "isBuyerMaker": false,
        "isBestMatch": true
    },
    {
        "id": 29091244,
        "price": "0.00057033",
        "qty": "2.10000000",
        "quoteQty": "0.00119769",
        "time": 1629627452542,
        "isBuyerMaker": false,
        "isBestMatch": true
    },
    {
        "id": 29091245,
        "price": "0.00057041",
        "qty": "2.20000000",
        "quoteQty": "0.00125490",
        "time": 1629627456505,
        "isBuyerMaker": false,
        "isBestMatch": true
    },
    {
        "id": 29091246,
        "price": "0.00057047",
        "qty": "29.20000000",
        "quoteQty": "0.01665772",
        "time": 1629627456505,
        "isBuyerMaker": false,
        "isBestMatch": true
    },
    {
        "id": 29091247,
        "price": "0.00057047",
        "qty": "51.80000000",
        "quoteQty": "0.02955034",
        "time": 1629627456536,
        "isBuyerMaker": false,
        "isBestMatch": true
    },
    {
        "id": 29091248,
        "price": "0.00057038",
        "qty": "13.30000000",
        "quoteQty": "0.00758605",
        "time": 1629627474428,
        "isBuyerMaker": true,
        "isBestMatch": true
    },
    {
        "id": 29091249,
        "price": "0.00057038",
        "qty": "2.30000000",
        "quoteQty": "0.00131187",
        "time": 1629627478398,
        "isBuyerMaker": false,
        "isBestMatch": true
    },
    {
        "id": 29091250,
        "price": "0.00057060",
        "qty": "0.20000000",
        "quoteQty": "0.00011412",
        "time": 1629627481363,
        "isBuyerMaker": false,
        "isBestMatch": true
    },
    {
        "id": 29091251,
        "price": "0.00057069",
        "qty": "1.30000000",
        "quoteQty": "0.00074189",
        "time": 1629627481900,
        "isBuyerMaker": true,
        "isBestMatch": true
    },
    {
        "id": 29091252,
        "price": "0.00057041",
        "qty": "1.70000000",
        "quoteQty": "0.00096969",
        "time": 1629627486532,
        "isBuyerMaker": false,
        "isBestMatch": true
    },
    {
        "id": 29091253,
        "price": "0.00057024",
        "qty": "48.80000000",
        "quoteQty": "0.02782771",
        "time": 1629627498196,
        "isBuyerMaker": false,
        "isBestMatch": true
    },
    {
        "id": 29091254,
        "price": "0.00057006",
        "qty": "34.60000000",
        "quoteQty": "0.01972407",
        "time": 1629627501171,
        "isBuyerMaker": false,
        "isBestMatch": true
    },
    {
        "id": 29091255,
        "price": "0.00056991",
        "qty": "53.50000000",
        "quoteQty": "0.03049018",
        "time": 1629627505068,
        "isBuyerMaker": true,
        "isBestMatch": true
    },
    {
        "id": 29091256,
        "price": "0.00056980",
        "qty": "120.00000000",
        "quoteQty": "0.06837600",
        "time": 1629627505423,
        "isBuyerMaker": false,
        "isBestMatch": true
    },
    {
        "id": 29091257,
        "price": "0.00056981",
        "qty": "0.30000000",
        "quoteQty": "0.00017094",
        "time": 1629627505447,
        "isBuyerMaker": false,
        "isBestMatch": true
    },
    {
        "id": 29091258,
        "price": "0.00056987",
        "qty": "17.50000000",
        "quoteQty": "0.00997272",
        "time": 1629627516274,
        "isBuyerMaker": false,
        "isBestMatch": true
    },
    {
        "id": 29091259,
        "price": "0.00056995",
        "qty": "3.70000000",
        "quoteQty": "0.00210881",
        "time": 1629627519443,
        "isBuyerMaker": false,
        "isBestMatch": true
    },
    {
        "id": 29091260,
        "price": "0.00057022",
        "qty": "45.80000000",
        "quoteQty": "0.02611607",
        "time": 1629627524967,
        "isBuyerMaker": false,
        "isBestMatch": true
    },
    {
        "id": 29091261,
        "price": "0.00057022",
        "qty": "13.10000000",
        "quoteQty": "0.00746988",
        "time": 1629627524974,
        "isBuyerMaker": false,
        "isBestMatch": true
    },
    {
        "id": 29091262,
        "price": "0.00057022",
        "qty": "10.80000000",
        "quoteQty": "0.00615837",
        "time": 1629627524987,
        "isBuyerMaker": false,
        "isBestMatch": true
    },
    {
        "id": 29091263,
        "price": "0.00057037",
        "qty": "5.70000000",
        "quoteQty": "0.00325110",
        "time": 1629627528833,
        "isBuyerMaker": false,
        "isBestMatch": true
    },
    {
        "id": 29091264,
        "price": "0.00057006",
        "qty": "0.30000000",
        "quoteQty": "0.00017101",
        "time": 1629627549291,
        "isBuyerMaker": false,
        "isBestMatch": true
    },
    {
        "id": 29091265,
        "price": "0.00056997",
        "qty": "12.50000000",
        "quoteQty": "0.00712462",
        "time": 1629627557614,
        "isBuyerMaker": false,
        "isBestMatch": true
    },
    {
        "id": 29091266,
        "price": "0.00056982",
        "qty": "0.70000000",
        "quoteQty": "0.00039887",
        "time": 1629627562807,
        "isBuyerMaker": true,
        "isBestMatch": true
    },
    {
        "id": 29091267,
        "price": "0.00056997",
        "qty": "0.40000000",
        "quoteQty": "0.00022798",
        "time": 1629627568609,
        "isBuyerMaker": false,
        "isBestMatch": true
    },
    {
        "id": 29091268,
        "price": "0.00057007",
        "qty": "1.30000000",
        "quoteQty": "0.00074109",
        "time": 1629627574601,
        "isBuyerMaker": false,
        "isBestMatch": true
    },
    {
        "id": 29091269,
        "price": "0.00056991",
        "qty": "0.40000000",
        "quoteQty": "0.00022796",
        "time": 1629627577611,
        "isBuyerMaker": true,
        "isBestMatch": true
    },
    {
        "id": 29091270,
        "price": "0.00056989",
        "qty": "8.40000000",
        "quoteQty": "0.00478707",
        "time": 1629627577611,
        "isBuyerMaker": true,
        "isBestMatch": true
    },
    {
        "id": 29091271,
        "price": "0.00056989",
        "qty": "4.40000000",
        "quoteQty": "0.00250751",
        "time": 1629627581406,
        "isBuyerMaker": false,
        "isBestMatch": true
    },
    {
        "id": 29091272,
        "price": "0.00056989",
        "qty": "0.80000000",
        "quoteQty": "0.00045591",
        "time": 1629627584470,
        "isBuyerMaker": false,
        "isBestMatch": true
    },
    {
        "id": 29091273,
        "price": "0.00056990",
        "qty": "2.40000000",
        "quoteQty": "0.00136776",
        "time": 1629627585276,
        "isBuyerMaker": false,
        "isBestMatch": true
    },
    {
        "id": 29091274,
        "price": "0.00056988",
        "qty": "5.50000000",
        "quoteQty": "0.00313434",
        "time": 1629627587115,
        "isBuyerMaker": false,
        "isBestMatch": true
    },
    {
        "id": 29091275,
        "price": "0.00056970",
        "qty": "56.00000000",
        "quoteQty": "0.03190320",
        "time": 1629627599162,
        "isBuyerMaker": true,
        "isBestMatch": true
    },
    {
        "id": 29091276,
        "price": "0.00056968",
        "qty": "92.20000000",
        "quoteQty": "0.05252449",
        "time": 1629627599162,
        "isBuyerMaker": true,
        "isBestMatch": true
    },
    {
        "id": 29091277,
        "price": "0.00056967",
        "qty": "175.30000000",
        "quoteQty": "0.09986315",
        "time": 1629627599162,
        "isBuyerMaker": true,
        "isBestMatch": true
    },
    {
        "id": 29091278,
        "price": "0.00056966",
        "qty": "81.00000000",
        "quoteQty": "0.04614246",
        "time": 1629627599162,
        "isBuyerMaker": true,
        "isBestMatch": true
    },
    {
        "id": 29091279,
        "price": "0.00056964",
        "qty": "45.20000000",
        "quoteQty": "0.02574772",
        "time": 1629627599162,
        "isBuyerMaker": true,
        "isBestMatch": true
    },
    {
        "id": 29091280,
        "price": "0.00056987",
        "qty": "6.30000000",
        "quoteQty": "0.00359018",
        "time": 1629627599185,
        "isBuyerMaker": false,
        "isBestMatch": true
    },
    {
        "id": 29091281,
        "price": "0.00056968",
        "qty": "34.60000000",
        "quoteQty": "0.01971092",
        "time": 1629627602124,
        "isBuyerMaker": false,
        "isBestMatch": true
    },
    {
        "id": 29091282,
        "price": "0.00056966",
        "qty": "4.10000000",
        "quoteQty": "0.00233560",
        "time": 1629627602394,
        "isBuyerMaker": false,
        "isBestMatch": true
    },
    {
        "id": 29091283,
        "price": "0.00056966",
        "qty": "0.70000000",
        "quoteQty": "0.00039876",
        "time": 1629627602471,
        "isBuyerMaker": false,
        "isBestMatch": true
    },
    {
        "id": 29091284,
        "price": "0.00056967",
        "qty": "45.00000000",
        "quoteQty": "0.02563515",
        "time": 1629627604944,
        "isBuyerMaker": false,
        "isBestMatch": true
    },
    {
        "id": 29091285,
        "price": "0.00056997",
        "qty": "47.20000000",
        "quoteQty": "0.02690258",
        "time": 1629627616089,
        "isBuyerMaker": false,
        "isBestMatch": true
    },
    {
        "id": 29091286,
        "price": "0.00056979",
        "qty": "7.00000000",
        "quoteQty": "0.00398853",
        "time": 1629627646724,
        "isBuyerMaker": true,
        "isBestMatch": true
    },
    {
        "id": 29091287,
        "price": "0.00056992",
        "qty": "2.50000000",
        "quoteQty": "0.00142480",
        "time": 1629627648881,
        "isBuyerMaker": false,
        "isBestMatch": true
    },
    {
        "id": 29091288,
        "price": "0.00056994",
        "qty": "2.10000000",
        "quoteQty": "0.00119687",
        "time": 1629627656950,
        "isBuyerMaker": false,
        "isBestMatch": true
    },
    {
        "id": 29091289,
        "price": "0.00056987",
        "qty": "0.30000000",
        "quoteQty": "0.00017096",
        "time": 1629627659595,
        "isBuyerMaker": false,
        "isBestMatch": true
    },
    {
        "id": 29091290,
        "price": "0.00056968",
        "qty": "8.80000000",
        "quoteQty": "0.00501318",
        "time": 1629627670028,
        "isBuyerMaker": false,
        "isBestMatch": true
    },
    {
        "id": 29091291,
        "price": "0.00056969",
        "qty": "67.80000000",
        "quoteQty": "0.03862498",
        "time": 1629627670028,
        "isBuyerMaker": false,
        "isBestMatch": true
    },
    {
        "id": 29091292,
        "price": "0.00056981",
        "qty": "23.10000000",
        "quoteQty": "0.01316261",
        "time": 1629627676536,
        "isBuyerMaker": false,
        "isBestMatch": true
    },
    {
        "id": 29091293,
        "price": "0.00056981",
        "qty": "145.00000000",
        "quoteQty": "0.08262245",
        "time": 1629627676629,
        "isBuyerMaker": false,
        "isBestMatch": true
    },
    {
        "id": 29091294,
        "price": "0.00056981",
        "qty": "24.50000000",
        "quoteQty": "0.01396034",
        "time": 1629627676657,
        "isBuyerMaker": false,
        "isBestMatch": true
    },
    {
        "id": 29091295,
        "price": "0.00056987",
        "qty": "3.00000000",
        "quoteQty": "0.00170961",
        "time": 1629627677101,
        "isBuyerMaker": false,
        "isBestMatch": true
    },
    {
        "id": 29091296,
        "price": "0.00056997",
        "qty": "0.80000000",
        "quoteQty": "0.00045597",
        "time": 1629627678915,
        "isBuyerMaker": false,
        "isBestMatch": true
    },
    {
        "id": 29091297,
        "price": "0.00057000",
        "qty": "2.80000000",
        "quoteQty": "0.00159600",
        "time": 1629627678915,
        "isBuyerMaker": false,
        "isBestMatch": true
    },
    {
        "id": 29091298,
        "price": "0.00056996",
        "qty": "7.60000000",
        "quoteQty": "0.00433169",
        "time": 1629627683954,
        "isBuyerMaker": false,
        "isBestMatch": true
    },
    {
        "id": 29091299,
        "price": "0.00056996",
        "qty": "30.50000000",
        "quoteQty": "0.01738378",
        "time": 1629627684797,
        "isBuyerMaker": false,
        "isBestMatch": true
    },
    {
        "id": 29091300,
        "price": "0.00056959",
        "qty": "79.70000000",
        "quoteQty": "0.04539632",
        "time": 1629627700300,
        "isBuyerMaker": false,
        "isBestMatch": true
    },
    {
        "id": 29091301,
        "price": "0.00056959",
        "qty": "86.00000000",
        "quoteQty": "0.04898474",
        "time": 1629627700398,
        "isBuyerMaker": false,
        "isBestMatch": true
    },
    {
        "id": 29091302,
        "price": "0.00056959",
        "qty": "13.40000000",
        "quoteQty": "0.00763250",
        "time": 1629627700442,
        "isBuyerMaker": false,
        "isBestMatch": true
    },
    {
        "id": 29091303,
        "price": "0.00056959",
        "qty": "83.80000000",
        "quoteQty": "0.04773164",
        "time": 1629627700491,
        "isBuyerMaker": false,
        "isBestMatch": true
    },
    {
        "id": 29091304,
        "price": "0.00056959",
        "qty": "7.20000000",
        "quoteQty": "0.00410104",
        "time": 1629627700543,
        "isBuyerMaker": false,
        "isBestMatch": true
    },
    {
        "id": 29091305,
        "price": "0.00056960",
        "qty": "56.00000000",
        "quoteQty": "0.03189760",
        "time": 1629627700595,
        "isBuyerMaker": false,
        "isBestMatch": true
    },
    {
        "id": 29091306,
        "price": "0.00056953",
        "qty": "60.00000000",
        "quoteQty": "0.03417180",
        "time": 1629627701609,
        "isBuyerMaker": false,
        "isBestMatch": true
    },
    {
        "id": 29091307,
        "price": "0.00056947",
        "qty": "1.20000000",
        "quoteQty": "0.00068336",
        "time": 1629627702408,
        "isBuyerMaker": true,
        "isBestMatch": true
    },
    {
        "id": 29091308,
        "price": "0.00056946",
        "qty": "0.70000000",
        "quoteQty": "0.00039862",
        "time": 1629627702453,
        "isBuyerMaker": true,
        "isBestMatch": true
    },
    {
        "id": 29091309,
        "price": "0.00056941",
        "qty": "1.80000000",
        "quoteQty": "0.00102493",
        "time": 1629627703056,
        "isBuyerMaker": true,
        "isBestMatch": true
    },
    {
        "id": 29091310,
        "price": "0.00056940",
        "qty": "0.80000000",
        "quoteQty": "0.00045552",
        "time": 1629627703130,
        "isBuyerMaker": true,
        "isBestMatch": true
    },
    {
        "id": 29091311,
        "price": "0.00056934",
        "qty": "7.20000000",
        "quoteQty": "0.00409924",
        "time": 1629627703130,
        "isBuyerMaker": true,
        "isBestMatch": true
    },
    {
        "id": 29091312,
        "price": "0.00056933",
        "qty": "2.90000000",
        "quoteQty": "0.00165105",
        "time": 1629627703130,
        "isBuyerMaker": true,
        "isBestMatch": true
    },
    {
        "id": 29091313,
        "price": "0.00056930",
        "qty": "7.60000000",
        "quoteQty": "0.00432668",
        "time": 1629627703130,
        "isBuyerMaker": true,
        "isBestMatch": true
    },
    {
        "id": 29091314,
        "price": "0.00056922",
        "qty": "0.70000000",
        "quoteQty": "0.00039845",
        "time": 1629627703130,
        "isBuyerMaker": true,
        "isBestMatch": true
    },
    {
        "id": 29091315,
        "price": "0.00056921",
        "qty": "0.80000000",
        "quoteQty": "0.00045536",
        "time": 1629627703130,
        "isBuyerMaker": true,
        "isBestMatch": true
    },
    {
        "id": 29091316,
        "price": "0.00056922",
        "qty": "8.30000000",
        "quoteQty": "0.00472452",
        "time": 1629627703771,
        "isBuyerMaker": true,
        "isBestMatch": true
    },
    {
        "id": 29091317,
        "price": "0.00056940",
        "qty": "0.70000000",
        "quoteQty": "0.00039858",
        "time": 1629627704142,
        "isBuyerMaker": false,
        "isBestMatch": true
    },
    {
        "id": 29091318,
        "price": "0.00056941",
        "qty": "0.70000000",
        "quoteQty": "0.00039858",
        "time": 1629627704361,
        "isBuyerMaker": false,
        "isBestMatch": true
    },
    {
        "id": 29091319,
        "price": "0.00056938",
        "qty": "29.00000000",
        "quoteQty": "0.01651202",
        "time": 1629627704674,
        "isBuyerMaker": false,
        "isBestMatch": true
    },
    {
        "id": 29091320,
        "price": "0.00056939",
        "qty": "6.30000000",
        "quoteQty": "0.00358715",
        "time": 1629627704674,
        "isBuyerMaker": false,
        "isBestMatch": true
    },
    {
        "id": 29091321,
        "price": "0.00056939",
        "qty": "54.70000000",
        "quoteQty": "0.03114563",
        "time": 1629627704674,
        "isBuyerMaker": false,
        "isBestMatch": true
    },
    {
        "id": 29091322,
        "price": "0.00056939",
        "qty": "0.30000000",
        "quoteQty": "0.00017081",
        "time": 1629627706075,
        "isBuyerMaker": false,
        "isBestMatch": true
    },
    {
        "id": 29091323,
        "price": "0.00056919",
        "qty": "55.50000000",
        "quoteQty": "0.03159004",
        "time": 1629627713791,
        "isBuyerMaker": true,
        "isBestMatch": true
    },
    {
        "id": 29091324,
        "price": "0.00056915",
        "qty": "4.30000000",
        "quoteQty": "0.00244734",
        "time": 1629627714201,
        "isBuyerMaker": true,
        "isBestMatch": true
    },
    {
        "id": 29091325,
        "price": "0.00056914",
        "qty": "56.00000000",
        "quoteQty": "0.03187184",
        "time": 1629627714201,
        "isBuyerMaker": true,
        "isBestMatch": true
    },
    {
        "id": 29091326,
        "price": "0.00056913",
        "qty": "1.40000000",
        "quoteQty": "0.00079678",
        "time": 1629627714201,
        "isBuyerMaker": true,
        "isBestMatch": true
    },
    {
        "id": 29091327,
        "price": "0.00056910",
        "qty": "81.00000000",
        "quoteQty": "0.04609710",
        "time": 1629627714232,
        "isBuyerMaker": true,
        "isBestMatch": true
    },
    {
        "id": 29091328,
        "price": "0.00056929",
        "qty": "13.20000000",
        "quoteQty": "0.00751462",
        "time": 1629627714238,
        "isBuyerMaker": false,
        "isBestMatch": true
    },
    {
        "id": 29091329,
        "price": "0.00056926",
        "qty": "4.40000000",
        "quoteQty": "0.00250474",
        "time": 1629627714325,
        "isBuyerMaker": false,
        "isBestMatch": true
    },
    {
        "id": 29091330,
        "price": "0.00056927",
        "qty": "25.60000000",
        "quoteQty": "0.01457331",
        "time": 1629627714325,
        "isBuyerMaker": false,
        "isBestMatch": true
    },
    {
        "id": 29091331,
        "price": "0.00056908",
        "qty": "0.60000000",
        "quoteQty": "0.00034144",
        "time": 1629627714577,
        "isBuyerMaker": true,
        "isBestMatch": true
    },
    {
        "id": 29091332,
        "price": "0.00056903",
        "qty": "29.00000000",
        "quoteQty": "0.01650187",
        "time": 1629627714577,
        "isBuyerMaker": true,
        "isBestMatch": true
    },
    {
        "id": 29091333,
        "price": "0.00056903",
        "qty": "25.40000000",
        "quoteQty": "0.01445336",
        "time": 1629627714677,
        "isBuyerMaker": true,
        "isBestMatch": true
    },
    {
        "id": 29091334,
        "price": "0.00056914",
        "qty": "7.00000000",
        "quoteQty": "0.00398398",
        "time": 1629627717363,
        "isBuyerMaker": false,
        "isBestMatch": true
    },
    {
        "id": 29091335,
        "price": "0.00056918",
        "qty": "53.00000000",
        "quoteQty": "0.03016654",
        "time": 1629627717363,
        "isBuyerMaker": false,
        "isBestMatch": true
    },
    {
        "id": 29091336,
        "price": "0.00056900",
        "qty": "0.90000000",
        "quoteQty": "0.00051210",
        "time": 1629627720381,
        "isBuyerMaker": true,
        "isBestMatch": true
    },
    {
        "id": 29091337,
        "price": "0.00056899",
        "qty": "1.50000000",
        "quoteQty": "0.00085348",
        "time": 1629627720398,
        "isBuyerMaker": true,
        "isBestMatch": true
    },
    {
        "id": 29091338,
        "price": "0.00056899",
        "qty": "2.80000000",
        "quoteQty": "0.00159317",
        "time": 1629627720398,
        "isBuyerMaker": true,
        "isBestMatch": true
    },
    {
        "id": 29091339,
        "price": "0.00056898",
        "qty": "22.10000000",
        "quoteQty": "0.01257445",
        "time": 1629627720398,
        "isBuyerMaker": true,
        "isBestMatch": true
    },
    {
        "id": 29091340,
        "price": "0.00056898",
        "qty": "7.20000000",
        "quoteQty": "0.00409665",
        "time": 1629627720440,
        "isBuyerMaker": true,
        "isBestMatch": true
    },
    {
        "id": 29091341,
        "price": "0.00056898",
        "qty": "7.50000000",
        "quoteQty": "0.00426735",
        "time": 1629627720442,
        "isBuyerMaker": true,
        "isBestMatch": true
    },
    {
        "id": 29091342,
        "price": "0.00056895",
        "qty": "1.60000000",
        "quoteQty": "0.00091032",
        "time": 1629627720442,
        "isBuyerMaker": true,
        "isBestMatch": true
    },
    {
        "id": 29091343,
        "price": "0.00056894",
        "qty": "0.40000000",
        "quoteQty": "0.00022757",
        "time": 1629627720442,
        "isBuyerMaker": true,
        "isBestMatch": true
    },
    {
        "id": 29091344,
        "price": "0.00056893",
        "qty": "0.90000000",
        "quoteQty": "0.00051203",
        "time": 1629627720469,
        "isBuyerMaker": true,
        "isBestMatch": true
    },
    {
        "id": 29091345,
        "price": "0.00056903",
        "qty": "6.30000000",
        "quoteQty": "0.00358488",
        "time": 1629627720509,
        "isBuyerMaker": false,
        "isBestMatch": true
    },
    {
        "id": 29091346,
        "price": "0.00056904",
        "qty": "53.70000000",
        "quoteQty": "0.03055744",
        "time": 1629627720509,
        "isBuyerMaker": false,
        "isBestMatch": true
    },
    {
        "id": 29091347,
        "price": "0.00056890",
        "qty": "0.90000000",
        "quoteQty": "0.00051201",
        "time": 1629627721215,
        "isBuyerMaker": true,
        "isBestMatch": true
    },
    {
        "id": 29091348,
        "price": "0.00056889",
        "qty": "0.40000000",
        "quoteQty": "0.00022755",
        "time": 1629627721226,
        "isBuyerMaker": true,
        "isBestMatch": true
    },
    {
        "id": 29091349,
        "price": "0.00056885",
        "qty": "1.20000000",
        "quoteQty": "0.00068262",
        "time": 1629627721712,
        "isBuyerMaker": true,
        "isBestMatch": true
    },
    {
        "id": 29091350,
        "price": "0.00056885",
        "qty": "0.30000000",
        "quoteQty": "0.00017065",
        "time": 1629627721712,
        "isBuyerMaker": true,
        "isBestMatch": true
    },
    {
        "id": 29091351,
        "price": "0.00056885",
        "qty": "1.60000000",
        "quoteQty": "0.00091016",
        "time": 1629627721712,
        "isBuyerMaker": true,
        "isBestMatch": true
    },
    {
        "id": 29091352,
        "price": "0.00056896",
        "qty": "0.40000000",
        "quoteQty": "0.00022758",
        "time": 1629627722102,
        "isBuyerMaker": false,
        "isBestMatch": true
    },
    {
        "id": 29091353,
        "price": "0.00056877",
        "qty": "15.00000000",
        "quoteQty": "0.00853155",
        "time": 1629627722414,
        "isBuyerMaker": true,
        "isBestMatch": true
    },
    {
        "id": 29091354,
        "price": "0.00056873",
        "qty": "4.80000000",
        "quoteQty": "0.00272990",
        "time": 1629627722414,
        "isBuyerMaker": true,
        "isBestMatch": true
    },
    {
        "id": 29091355,
        "price": "0.00056870",
        "qty": "0.20000000",
        "quoteQty": "0.00011374",
        "time": 1629627722414,
        "isBuyerMaker": true,
        "isBestMatch": true
    },
    {
        "id": 29091356,
        "price": "0.00056896",
        "qty": "10.00000000",
        "quoteQty": "0.00568960",
        "time": 1629627722870,
        "isBuyerMaker": false,
        "isBestMatch": true
    },
    {
        "id": 29091357,
        "price": "0.00056890",
        "qty": "30.00000000",
        "quoteQty": "0.01706700",
        "time": 1629627723552,
        "isBuyerMaker": false,
        "isBestMatch": true
    },
    {
        "id": 29091358,
        "price": "0.00056870",
        "qty": "0.40000000",
        "quoteQty": "0.00022748",
        "time": 1629627725942,
        "isBuyerMaker": true,
        "isBestMatch": true
    },
    {
        "id": 29091359,
        "price": "0.00056869",
        "qty": "4.30000000",
        "quoteQty": "0.00244536",
        "time": 1629627725942,
        "isBuyerMaker": true,
        "isBestMatch": true
    },
    {
        "id": 29091360,
        "price": "0.00056869",
        "qty": "1.10000000",
        "quoteQty": "0.00062555",
        "time": 1629627725942,
        "isBuyerMaker": true,
        "isBestMatch": true
    },
    {
        "id": 29091361,
        "price": "0.00056866",
        "qty": "0.40000000",
        "quoteQty": "0.00022746",
        "time": 1629627725942,
        "isBuyerMaker": true,
        "isBestMatch": true
    },
    {
        "id": 29091362,
        "price": "0.00056861",
        "qty": "8.60000000",
        "quoteQty": "0.00489004",
        "time": 1629627725942,
        "isBuyerMaker": true,
        "isBestMatch": true
    },
    {
        "id": 29091363,
        "price": "0.00056858",
        "qty": "3.50000000",
        "quoteQty": "0.00199003",
        "time": 1629627726001,
        "isBuyerMaker": true,
        "isBestMatch": true
    },
    {
        "id": 29091364,
        "price": "0.00056857",
        "qty": "0.30000000",
        "quoteQty": "0.00017057",
        "time": 1629627726050,
        "isBuyerMaker": true,
        "isBestMatch": true
    },
    {
        "id": 29091365,
        "price": "0.00056857",
        "qty": "0.30000000",
        "quoteQty": "0.00017057",
        "time": 1629627726050,
        "isBuyerMaker": true,
        "isBestMatch": true
    },
    {
        "id": 29091366,
        "price": "0.00056861",
        "qty": "24.40000000",
        "quoteQty": "0.01387408",
        "time": 1629627726585,
        "isBuyerMaker": false,
        "isBestMatch": true
    },
    {
        "id": 29091367,
        "price": "0.00056862",
        "qty": "8.90000000",
        "quoteQty": "0.00506071",
        "time": 1629627726585,
        "isBuyerMaker": false,
        "isBestMatch": true
    },
    {
        "id": 29091368,
        "price": "0.00056862",
        "qty": "56.00000000",
        "quoteQty": "0.03184272",
        "time": 1629627726585,
        "isBuyerMaker": false,
        "isBestMatch": true
    },
    {
        "id": 29091369,
        "price": "0.00056864",
        "qty": "30.70000000",
        "quoteQty": "0.01745724",
        "time": 1629627726585,
        "isBuyerMaker": false,
        "isBestMatch": true
    },
    {
        "id": 29091370,
        "price": "0.00056855",
        "qty": "0.40000000",
        "quoteQty": "0.00022742",
        "time": 1629627727295,
        "isBuyerMaker": true,
        "isBestMatch": true
    },
    {
        "id": 29091371,
        "price": "0.00056852",
        "qty": "0.90000000",
        "quoteQty": "0.00051166",
        "time": 1629627727311,
        "isBuyerMaker": true,
        "isBestMatch": true
    },
    {
        "id": 29091372,
        "price": "0.00056852",
        "qty": "0.30000000",
        "quoteQty": "0.00017055",
        "time": 1629627727311,
        "isBuyerMaker": true,
        "isBestMatch": true
    },
    {
        "id": 29091373,
        "price": "0.00056851",
        "qty": "1.90000000",
        "quoteQty": "0.00108016",
        "time": 1629627727323,
        "isBuyerMaker": true,
        "isBestMatch": true
    },
    {
        "id": 29091374,
        "price": "0.00056850",
        "qty": "19.20000000",
        "quoteQty": "0.01091520",
        "time": 1629627727336,
        "isBuyerMaker": true,
        "isBestMatch": true
    },
    {
        "id": 29091375,
        "price": "0.00056850",
        "qty": "24.10000000",
        "quoteQty": "0.01370085",
        "time": 1629627727340,
        "isBuyerMaker": true,
        "isBestMatch": true
    },
    {
        "id": 29091376,
        "price": "0.00056850",
        "qty": "6.70000000",
        "quoteQty": "0.00380895",
        "time": 1629627727343,
        "isBuyerMaker": true,
        "isBestMatch": true
    },
    {
        "id": 29091377,
        "price": "0.00056847",
        "qty": "1.20000000",
        "quoteQty": "0.00068216",
        "time": 1629627727412,
        "isBuyerMaker": true,
        "isBestMatch": true
    },
    {
        "id": 29091378,
        "price": "0.00056846",
        "qty": "1.00000000",
        "quoteQty": "0.00056846",
        "time": 1629627727417,
        "isBuyerMaker": true,
        "isBestMatch": true
    },
    {
        "id": 29091379,
        "price": "0.00056844",
        "qty": "0.20000000",
        "quoteQty": "0.00011368",
        "time": 1629627727417,
        "isBuyerMaker": true,
        "isBestMatch": true
    },
    {
        "id": 29091380,
        "price": "0.00056844",
        "qty": "0.40000000",
        "quoteQty": "0.00022737",
        "time": 1629627727432,
        "isBuyerMaker": true,
        "isBestMatch": true
    },
    {
        "id": 29091381,
        "price": "0.00056843",
        "qty": "1.70000000",
        "quoteQty": "0.00096633",
        "time": 1629627727438,
        "isBuyerMaker": true,
        "isBestMatch": true
    },
    {
        "id": 29091382,
        "price": "0.00056842",
        "qty": "0.50000000",
        "quoteQty": "0.00028421",
        "time": 1629627727449,
        "isBuyerMaker": true,
        "isBestMatch": true
    },
    {
        "id": 29091383,
        "price": "0.00056837",
        "qty": "0.60000000",
        "quoteQty": "0.00034102",
        "time": 1629627727553,
        "isBuyerMaker": true,
        "isBestMatch": true
    },
    {
        "id": 29091384,
        "price": "0.00056836",
        "qty": "0.40000000",
        "quoteQty": "0.00022734",
        "time": 1629627727950,
        "isBuyerMaker": true,
        "isBestMatch": true
    },
    {
        "id": 29091385,
        "price": "0.00056836",
        "qty": "0.50000000",
        "quoteQty": "0.00028418",
        "time": 1629627727950,
        "isBuyerMaker": true,
        "isBestMatch": true
    },
    {
        "id": 29091386,
        "price": "0.00056836",
        "qty": "3.80000000",
        "quoteQty": "0.00215976",
        "time": 1629627728304,
        "isBuyerMaker": true,
        "isBestMatch": true
    },
    {
        "id": 29091387,
        "price": "0.00056833",
        "qty": "0.90000000",
        "quoteQty": "0.00051149",
        "time": 1629627728804,
        "isBuyerMaker": true,
        "isBestMatch": true
    },
    {
        "id": 29091388,
        "price": "0.00056832",
        "qty": "3.90000000",
        "quoteQty": "0.00221644",
        "time": 1629627729003,
        "isBuyerMaker": true,
        "isBestMatch": true
    },
    {
        "id": 29091389,
        "price": "0.00056837",
        "qty": "34.70000000",
        "quoteQty": "0.01972243",
        "time": 1629627729607,
        "isBuyerMaker": false,
        "isBestMatch": true
    },
    {
        "id": 29091390,
        "price": "0.00056838",
        "qty": "56.00000000",
        "quoteQty": "0.03182928",
        "time": 1629627729607,
        "isBuyerMaker": false,
        "isBestMatch": true
    },
    {
        "id": 29091391,
        "price": "0.00056839",
        "qty": "149.30000000",
        "quoteQty": "0.08486062",
        "time": 1629627729607,
        "isBuyerMaker": false,
        "isBestMatch": true
    },
    {
        "id": 29091392,
        "price": "0.00056825",
        "qty": "0.30000000",
        "quoteQty": "0.00017047",
        "time": 1629627730387,
        "isBuyerMaker": true,
        "isBestMatch": true
    },
    {
        "id": 29091393,
        "price": "0.00056823",
        "qty": "4.30000000",
        "quoteQty": "0.00244338",
        "time": 1629627730398,
        "isBuyerMaker": true,
        "isBestMatch": true
    },
    {
        "id": 29091394,
        "price": "0.00056823",
        "qty": "1.20000000",
        "quoteQty": "0.00068187",
        "time": 1629627730398,
        "isBuyerMaker": true,
        "isBestMatch": true
    },
    {
        "id": 29091395,
        "price": "0.00056822",
        "qty": "1.50000000",
        "quoteQty": "0.00085233",
        "time": 1629627730415,
        "isBuyerMaker": true,
        "isBestMatch": true
    },
    {
        "id": 29091396,
        "price": "0.00056821",
        "qty": "0.30000000",
        "quoteQty": "0.00017046",
        "time": 1629627730415,
        "isBuyerMaker": true,
        "isBestMatch": true
    },
    {
        "id": 29091397,
        "price": "0.00056821",
        "qty": "0.30000000",
        "quoteQty": "0.00017046",
        "time": 1629627730415,
        "isBuyerMaker": true,
        "isBestMatch": true
    },
    {
        "id": 29091398,
        "price": "0.00056818",
        "qty": "2.30000000",
        "quoteQty": "0.00130681",
        "time": 1629627730415,
        "isBuyerMaker": true,
        "isBestMatch": true
    },
    {
        "id": 29091399,
        "price": "0.00056816",
        "qty": "0.40000000",
        "quoteQty": "0.00022726",
        "time": 1629627730415,
        "isBuyerMaker": true,
        "isBestMatch": true
    },
    {
        "id": 29091400,
        "price": "0.00056815",
        "qty": "1.20000000",
        "quoteQty": "0.00068178",
        "time": 1629627730415,
        "isBuyerMaker": true,
        "isBestMatch": true
    },
    {
        "id": 29091401,
        "price": "0.00056815",
        "qty": "22.60000000",
        "quoteQty": "0.01284019",
        "time": 1629627730415,
        "isBuyerMaker": true,
        "isBestMatch": true
    },
    {
        "id": 29091402,
        "price": "0.00056815",
        "qty": "50.00000000",
        "quoteQty": "0.02840750",
        "time": 1629627730602,
        "isBuyerMaker": true,
        "isBestMatch": true
    },
    {
        "id": 29091403,
        "price": "0.00056815",
        "qty": "95.80000000",
        "quoteQty": "0.05442877",
        "time": 1629627730650,
        "isBuyerMaker": true,
        "isBestMatch": true
    },
    {
        "id": 29091404,
        "price": "0.00056812",
        "qty": "1.90000000",
        "quoteQty": "0.00107942",
        "time": 1629627730948,
        "isBuyerMaker": true,
        "isBestMatch": true
    },
    {
        "id": 29091405,
        "price": "0.00056812",
        "qty": "0.40000000",
        "quoteQty": "0.00022724",
        "time": 1629627730948,
        "isBuyerMaker": true,
        "isBestMatch": true
    },
    {
        "id": 29091406,
        "price": "0.00056805",
        "qty": "1.40000000",
        "quoteQty": "0.00079527",
        "time": 1629627732145,
        "isBuyerMaker": true,
        "isBestMatch": true
    },
    {
        "id": 29091407,
        "price": "0.00056804",
        "qty": "1.50000000",
        "quoteQty": "0.00085206",
        "time": 1629627732156,
        "isBuyerMaker": true,
        "isBestMatch": true
    },
    {
        "id": 29091408,
        "price": "0.00056800",
        "qty": "2.20000000",
        "quoteQty": "0.00124960",
        "time": 1629627732264,
        "isBuyerMaker": true,
        "isBestMatch": true
    },
    {
        "id": 29091409,
        "price": "0.00056800",
        "qty": "2.50000000",
        "quoteQty": "0.00142000",
        "time": 1629627732264,
        "isBuyerMaker": true,
        "isBestMatch": true
    },
    {
        "id": 29091410,
        "price": "0.00056800",
        "qty": "3.10000000",
        "quoteQty": "0.00176080",
        "time": 1629627732264,
        "isBuyerMaker": true,
        "isBestMatch": true
    },
    {
        "id": 29091411,
        "price": "0.00056800",
        "qty": "1.00000000",
        "quoteQty": "0.00056800",
        "time": 1629627732264,
        "isBuyerMaker": true,
        "isBestMatch": true
    },
    {
        "id": 29091412,
        "price": "0.00056800",
        "qty": "0.40000000",
        "quoteQty": "0.00022720",
        "time": 1629627732264,
        "isBuyerMaker": true,
        "isBestMatch": true
    },
    {
        "id": 29091413,
        "price": "0.00056800",
        "qty": "0.90000000",
        "quoteQty": "0.00051120",
        "time": 1629627732264,
        "isBuyerMaker": true,
        "isBestMatch": true
    },
    {
        "id": 29091414,
        "price": "0.00056799",
        "qty": "2.20000000",
        "quoteQty": "0.00124957",
        "time": 1629627732264,
        "isBuyerMaker": true,
        "isBestMatch": true
    },
    {
        "id": 29091415,
        "price": "0.00056795",
        "qty": "0.50000000",
        "quoteQty": "0.00028397",
        "time": 1629627732287,
        "isBuyerMaker": true,
        "isBestMatch": true
    },
    {
        "id": 29091416,
        "price": "0.00056791",
        "qty": "0.30000000",
        "quoteQty": "0.00017037",
        "time": 1629627732299,
        "isBuyerMaker": true,
        "isBestMatch": true
    },
    {
        "id": 29091417,
        "price": "0.00056810",
        "qty": "30.00000000",
        "quoteQty": "0.01704300",
        "time": 1629627732650,
        "isBuyerMaker": false,
        "isBestMatch": true
    },
    {
        "id": 29091418,
        "price": "0.00056790",
        "qty": "0.90000000",
        "quoteQty": "0.00051111",
        "time": 1629627732955,
        "isBuyerMaker": true,
        "isBestMatch": true
    },
    {
        "id": 29091419,
        "price": "0.00056788",
        "qty": "0.60000000",
        "quoteQty": "0.00034072",
        "time": 1629627733072,
        "isBuyerMaker": true,
        "isBestMatch": true
    },
    {
        "id": 29091420,
        "price": "0.00056795",
        "qty": "0.40000000",
        "quoteQty": "0.00022718",
        "time": 1629627733275,
        "isBuyerMaker": false,
        "isBestMatch": true
    },
    {
        "id": 29091421,
        "price": "0.00056785",
        "qty": "1.40000000",
        "quoteQty": "0.00079499",
        "time": 1629627734772,
        "isBuyerMaker": true,
        "isBestMatch": true
    },
    {
        "id": 29091422,
        "price": "0.00056783",
        "qty": "4.00000000",
        "quoteQty": "0.00227132",
        "time": 1629627734781,
        "isBuyerMaker": true,
        "isBestMatch": true
    },
    {
        "id": 29091423,
        "price": "0.00056781",
        "qty": "4.00000000",
        "quoteQty": "0.00227124",
        "time": 1629627734797,
        "isBuyerMaker": true,
        "isBestMatch": true
    },
    {
        "id": 29091424,
        "price": "0.00056781",
        "qty": "4.90000000",
        "quoteQty": "0.00278226",
        "time": 1629627734848,
        "isBuyerMaker": true,
        "isBestMatch": true
    },
    {
        "id": 29091425,
        "price": "0.00056779",
        "qty": "0.20000000",
        "quoteQty": "0.00011355",
        "time": 1629627735016,
        "isBuyerMaker": true,
        "isBestMatch": true
    },
    {
        "id": 29091426,
        "price": "0.00056779",
        "qty": "0.60000000",
        "quoteQty": "0.00034067",
        "time": 1629627735016,
        "isBuyerMaker": true,
        "isBestMatch": true
    },
    {
        "id": 29091427,
        "price": "0.00056777",
        "qty": "4.30000000",
        "quoteQty": "0.00244141",
        "time": 1629627735112,
        "isBuyerMaker": true,
        "isBestMatch": true
    },
    {
        "id": 29091428,
        "price": "0.00056774",
        "qty": "0.60000000",
        "quoteQty": "0.00034064",
        "time": 1629627735151,
        "isBuyerMaker": true,
        "isBestMatch": true
    },
    {
        "id": 29091429,
        "price": "0.00056773",
        "qty": "0.30000000",
        "quoteQty": "0.00017031",
        "time": 1629627735181,
        "isBuyerMaker": true,
        "isBestMatch": true
    },
    {
        "id": 29091430,
        "price": "0.00056773",
        "qty": "0.50000000",
        "quoteQty": "0.00028386",
        "time": 1629627735181,
        "isBuyerMaker": true,
        "isBestMatch": true
    },
    {
        "id": 29091431,
        "price": "0.00056773",
        "qty": "3.40000000",
        "quoteQty": "0.00193028",
        "time": 1629627735181,
        "isBuyerMaker": true,
        "isBestMatch": true
    },
    {
        "id": 29091432,
        "price": "0.00056773",
        "qty": "1.50000000",
        "quoteQty": "0.00085159",
        "time": 1629627735181,
        "isBuyerMaker": true,
        "isBestMatch": true
    },
    {
        "id": 29091433,
        "price": "0.00056773",
        "qty": "1.10000000",
        "quoteQty": "0.00062450",
        "time": 1629627735181,
        "isBuyerMaker": true,
        "isBestMatch": true
    },
    {
        "id": 29091434,
        "price": "0.00056773",
        "qty": "2.80000000",
        "quoteQty": "0.00158964",
        "time": 1629627735181,
        "isBuyerMaker": true,
        "isBestMatch": true
    },
    {
        "id": 29091435,
        "price": "0.00056773",
        "qty": "0.90000000",
        "quoteQty": "0.00051095",
        "time": 1629627735181,
        "isBuyerMaker": true,
        "isBestMatch": true
    },
    {
        "id": 29091436,
        "price": "0.00056773",
        "qty": "0.90000000",
        "quoteQty": "0.00051095",
        "time": 1629627735181,
        "isBuyerMaker": true,
        "isBestMatch": true
    },
    {
        "id": 29091437,
        "price": "0.00056773",
        "qty": "0.60000000",
        "quoteQty": "0.00034063",
        "time": 1629627735181,
        "isBuyerMaker": true,
        "isBestMatch": true
    },
    {
        "id": 29091438,
        "price": "0.00056773",
        "qty": "0.90000000",
        "quoteQty": "0.00051095",
        "time": 1629627735181,
        "isBuyerMaker": true,
        "isBestMatch": true
    },
    {
        "id": 29091439,
        "price": "0.00056772",
        "qty": "1.10000000",
        "quoteQty": "0.00062449",
        "time": 1629627735211,
        "isBuyerMaker": true,
        "isBestMatch": true
    },
    {
        "id": 29091440,
        "price": "0.00056772",
        "qty": "0.90000000",
        "quoteQty": "0.00051094",
        "time": 1629627735211,
        "isBuyerMaker": true,
        "isBestMatch": true
    },
    {
        "id": 29091441,
        "price": "0.00056772",
        "qty": "0.80000000",
        "quoteQty": "0.00045417",
        "time": 1629627735211,
        "isBuyerMaker": true,
        "isBestMatch": true
    },
    {
        "id": 29091442,
        "price": "0.00056769",
        "qty": "2.80000000",
        "quoteQty": "0.00158953",
        "time": 1629627735211,
        "isBuyerMaker": true,
        "isBestMatch": true
    },
    {
        "id": 29091443,
        "price": "0.00056769",
        "qty": "0.90000000",
        "quoteQty": "0.00051092",
        "time": 1629627735211,
        "isBuyerMaker": true,
        "isBestMatch": true
    },
    {
        "id": 29091444,
        "price": "0.00056768",
        "qty": "2.80000000",
        "quoteQty": "0.00158950",
        "time": 1629627735211,
        "isBuyerMaker": true,
        "isBestMatch": true
    },
    {
        "id": 29091445,
        "price": "0.00056763",
        "qty": "1.60000000",
        "quoteQty": "0.00090820",
        "time": 1629627735211,
        "isBuyerMaker": true,
        "isBestMatch": true
    },
    {
        "id": 29091446,
        "price": "0.00056762",
        "qty": "0.50000000",
        "quoteQty": "0.00028381",
        "time": 1629627735211,
        "isBuyerMaker": true,
        "isBestMatch": true
    },
    {
        "id": 29091447,
        "price": "0.00056761",
        "qty": "1.20000000",
        "quoteQty": "0.00068113",
        "time": 1629627735211,
        "isBuyerMaker": true,
        "isBestMatch": true
    },
    {
        "id": 29091448,
        "price": "0.00056757",
        "qty": "0.30000000",
        "quoteQty": "0.00017027",
        "time": 1629627735211,
        "isBuyerMaker": true,
        "isBestMatch": true
    },
    {
        "id": 29091449,
        "price": "0.00056757",
        "qty": "4.30000000",
        "quoteQty": "0.00244055",
        "time": 1629627735417,
        "isBuyerMaker": true,
        "isBestMatch": true
    },
    {
        "id": 29091450,
        "price": "0.00056780",
        "qty": "0.70000000",
        "quoteQty": "0.00039746",
        "time": 1629627735794,
        "isBuyerMaker": false,
        "isBestMatch": true
    },
    {
        "id": 29091451,
        "price": "0.00056755",
        "qty": "0.40000000",
        "quoteQty": "0.00022702",
        "time": 1629627735960,
        "isBuyerMaker": true,
        "isBestMatch": true
    },
    {
        "id": 29091452,
        "price": "0.00056755",
        "qty": "0.50000000",
        "quoteQty": "0.00028377",
        "time": 1629627735960,
        "isBuyerMaker": true,
        "isBestMatch": true
    },
    {
        "id": 29091453,
        "price": "0.00056755",
        "qty": "0.70000000",
        "quoteQty": "0.00039728",
        "time": 1629627736202,
        "isBuyerMaker": true,
        "isBestMatch": true
    },
    {
        "id": 29091454,
        "price": "0.00056755",
        "qty": "0.30000000",
        "quoteQty": "0.00017026",
        "time": 1629627736202,
        "isBuyerMaker": true,
        "isBestMatch": true
    },
    {
        "id": 29091455,
        "price": "0.00056755",
        "qty": "0.80000000",
        "quoteQty": "0.00045404",
        "time": 1629627736202,
        "isBuyerMaker": true,
        "isBestMatch": true
    },
    {
        "id": 29091456,
        "price": "0.00056754",
        "qty": "5.80000000",
        "quoteQty": "0.00329173",
        "time": 1629627736211,
        "isBuyerMaker": true,
        "isBestMatch": true
    },
    {
        "id": 29091457,
        "price": "0.00056754",
        "qty": "6.80000000",
        "quoteQty": "0.00385927",
        "time": 1629627736219,
        "isBuyerMaker": true,
        "isBestMatch": true
    },
    {
        "id": 29091458,
        "price": "0.00056754",
        "qty": "3.40000000",
        "quoteQty": "0.00192963",
        "time": 1629627736253,
        "isBuyerMaker": true,
        "isBestMatch": true
    },
    {
        "id": 29091459,
        "price": "0.00056754",
        "qty": "1.90000000",
        "quoteQty": "0.00107832",
        "time": 1629627736253,
        "isBuyerMaker": true,
        "isBestMatch": true
    },
    {
        "id": 29091460,
        "price": "0.00056754",
        "qty": "0.50000000",
        "quoteQty": "0.00028377",
        "time": 1629627736253,
        "isBuyerMaker": true,
        "isBestMatch": true
    },
    {
        "id": 29091461,
        "price": "0.00056761",
        "qty": "8.30000000",
        "quoteQty": "0.00471116",
        "time": 1629627736260,
        "isBuyerMaker": false,
        "isBestMatch": true
    },
    {
        "id": 29091462,
        "price": "0.00056762",
        "qty": "51.70000000",
        "quoteQty": "0.02934595",
        "time": 1629627736260,
        "isBuyerMaker": false,
        "isBestMatch": true
    },
    {
        "id": 29091463,
        "price": "0.00056752",
        "qty": "0.30000000",
        "quoteQty": "0.00017025",
        "time": 1629627736324,
        "isBuyerMaker": true,
        "isBestMatch": true
    },
    {
        "id": 29091464,
        "price": "0.00056748",
        "qty": "3.70000000",
        "quoteQty": "0.00209967",
        "time": 1629627736344,
        "isBuyerMaker": true,
        "isBestMatch": true
    },
    {
        "id": 29091465,
        "price": "0.00056747",
        "qty": "1.30000000",
        "quoteQty": "0.00073771",
        "time": 1629627736405,
        "isBuyerMaker": true,
        "isBestMatch": true
    },
    {
        "id": 29091466,
        "price": "0.00056746",
        "qty": "0.70000000",
        "quoteQty": "0.00039722",
        "time": 1629627736414,
        "isBuyerMaker": true,
        "isBestMatch": true
    },
    {
        "id": 29091467,
        "price": "0.00056744",
        "qty": "0.90000000",
        "quoteQty": "0.00051069",
        "time": 1629627736436,
        "isBuyerMaker": true,
        "isBestMatch": true
    },
    {
        "id": 29091468,
        "price": "0.00056744",
        "qty": "1.10000000",
        "quoteQty": "0.00062418",
        "time": 1629627736436,
        "isBuyerMaker": true,
        "isBestMatch": true
    },
    {
        "id": 29091469,
        "price": "0.00056744",
        "qty": "1.50000000",
        "quoteQty": "0.00085116",
        "time": 1629627736436,
        "isBuyerMaker": true,
        "isBestMatch": true
    },
    {
        "id": 29091470,
        "price": "0.00056744",
        "qty": "0.60000000",
        "quoteQty": "0.00034046",
        "time": 1629627736436,
        "isBuyerMaker": true,
        "isBestMatch": true
    },
    {
        "id": 29091471,
        "price": "0.00056743",
        "qty": "1.60000000",
        "quoteQty": "0.00090788",
        "time": 1629627736436,
        "isBuyerMaker": true,
        "isBestMatch": true
    },
    {
        "id": 29091472,
        "price": "0.00056740",
        "qty": "0.60000000",
        "quoteQty": "0.00034044",
        "time": 1629627736436,
        "isBuyerMaker": true,
        "isBestMatch": true
    },
    {
        "id": 29091473,
        "price": "0.00056740",
        "qty": "2.10000000",
        "quoteQty": "0.00119154",
        "time": 1629627736436,
        "isBuyerMaker": true,
        "isBestMatch": true
    },
    {
        "id": 29091474,
        "price": "0.00056740",
        "qty": "0.40000000",
        "quoteQty": "0.00022696",
        "time": 1629627736436,
        "isBuyerMaker": true,
        "isBestMatch": true
    },
    {
        "id": 29091475,
        "price": "0.00056738",
        "qty": "14.90000000",
        "quoteQty": "0.00845396",
        "time": 1629627736436,
        "isBuyerMaker": true,
        "isBestMatch": true
    },
    {
        "id": 29091476,
        "price": "0.00056738",
        "qty": "0.90000000",
        "quoteQty": "0.00051064",
        "time": 1629627736454,
        "isBuyerMaker": true,
        "isBestMatch": true
    },
    {
        "id": 29091477,
        "price": "0.00056734",
        "qty": "0.60000000",
        "quoteQty": "0.00034040",
        "time": 1629627736454,
        "isBuyerMaker": true,
        "isBestMatch": true
    },
    {
        "id": 29091478,
        "price": "0.00056732",
        "qty": "1.00000000",
        "quoteQty": "0.00056732",
        "time": 1629627736454,
        "isBuyerMaker": true,
        "isBestMatch": true
    },
    {
        "id": 29091479,
        "price": "0.00056732",
        "qty": "1.60000000",
        "quoteQty": "0.00090771",
        "time": 1629627736454,
        "isBuyerMaker": true,
        "isBestMatch": true
    },
    {
        "id": 29091480,
        "price": "0.00056749",
        "qty": "0.70000000",
        "quoteQty": "0.00039724",
        "time": 1629627736545,
        "isBuyerMaker": false,
        "isBestMatch": true
    },
    {
        "id": 29091481,
        "price": "0.00056732",
        "qty": "50.00000000",
        "quoteQty": "0.02836600",
        "time": 1629627736603,
        "isBuyerMaker": true,
        "isBestMatch": true
    },
    {
        "id": 29091482,
        "price": "0.00056731",
        "qty": "4.30000000",
        "quoteQty": "0.00243943",
        "time": 1629627737376,
        "isBuyerMaker": true,
        "isBestMatch": true
    },
    {
        "id": 29091483,
        "price": "0.00056731",
        "qty": "0.50000000",
        "quoteQty": "0.00028365",
        "time": 1629627737376,
        "isBuyerMaker": true,
        "isBestMatch": true
    },
    {
        "id": 29091484,
        "price": "0.00056730",
        "qty": "0.40000000",
        "quoteQty": "0.00022692",
        "time": 1629627737388,
        "isBuyerMaker": true,
        "isBestMatch": true
    },
    {
        "id": 29091485,
        "price": "0.00056746",
        "qty": "0.30000000",
        "quoteQty": "0.00017023",
        "time": 1629627738237,
        "isBuyerMaker": false,
        "isBestMatch": true
    },
    {
        "id": 29091486,
        "price": "0.00056732",
        "qty": "15.70000000",
        "quoteQty": "0.00890692",
        "time": 1629627738771,
        "isBuyerMaker": true,
        "isBestMatch": true
    },
    {
        "id": 29091487,
        "price": "0.00056732",
        "qty": "40.30000000",
        "quoteQty": "0.02286299",
        "time": 1629627738774,
        "isBuyerMaker": true,
        "isBestMatch": true
    },
    {
        "id": 29091488,
        "price": "0.00056729",
        "qty": "1.80000000",
        "quoteQty": "0.00102112",
        "time": 1629627738793,
        "isBuyerMaker": true,
        "isBestMatch": true
    },
    {
        "id": 29091489,
        "price": "0.00056728",
        "qty": "0.70000000",
        "quoteQty": "0.00039709",
        "time": 1629627738802,
        "isBuyerMaker": true,
        "isBestMatch": true
    },
    {
        "id": 29091490,
        "price": "0.00056727",
        "qty": "1.00000000",
        "quoteQty": "0.00056727",
        "time": 1629627738831,
        "isBuyerMaker": true,
        "isBestMatch": true
    },
    {
        "id": 29091491,
        "price": "0.00056725",
        "qty": "3.50000000",
        "quoteQty": "0.00198537",
        "time": 1629627738838,
        "isBuyerMaker": true,
        "isBestMatch": true
    },
    {
        "id": 29091492,
        "price": "0.00056725",
        "qty": "0.50000000",
        "quoteQty": "0.00028362",
        "time": 1629627738838,
        "isBuyerMaker": true,
        "isBestMatch": true
    },
    {
        "id": 29091493,
        "price": "0.00056725",
        "qty": "1.10000000",
        "quoteQty": "0.00062397",
        "time": 1629627738838,
        "isBuyerMaker": true,
        "isBestMatch": true
    },
    {
        "id": 29091494,
        "price": "0.00056725",
        "qty": "1.80000000",
        "quoteQty": "0.00102105",
        "time": 1629627738838,
        "isBuyerMaker": true,
        "isBestMatch": true
    },
    {
        "id": 29091495,
        "price": "0.00056724",
        "qty": "2.20000000",
        "quoteQty": "0.00124792",
        "time": 1629627738848,
        "isBuyerMaker": true,
        "isBestMatch": true
    },
    {
        "id": 29091496,
        "price": "0.00056724",
        "qty": "0.30000000",
        "quoteQty": "0.00017017",
        "time": 1629627738848,
        "isBuyerMaker": true,
        "isBestMatch": true
    },
    {
        "id": 29091497,
        "price": "0.00056724",
        "qty": "0.90000000",
        "quoteQty": "0.00051051",
        "time": 1629627738848,
        "isBuyerMaker": true,
        "isBestMatch": true
    },
    {
        "id": 29091498,
        "price": "0.00056724",
        "qty": "0.80000000",
        "quoteQty": "0.00045379",
        "time": 1629627738848,
        "isBuyerMaker": true,
        "isBestMatch": true
    },
    {
        "id": 29091499,
        "price": "0.00056724",
        "qty": "1.00000000",
        "quoteQty": "0.00056724",
        "time": 1629627738848,
        "isBuyerMaker": true,
        "isBestMatch": true
    },
    {
        "id": 29091500,
        "price": "0.00056724",
        "qty": "2.00000000",
        "quoteQty": "0.00113448",
        "time": 1629627738848,
        "isBuyerMaker": true,
        "isBestMatch": true
    },
    {
        "id": 29091501,
        "price": "0.00056723",
        "qty": "1.60000000",
        "quoteQty": "0.00090756",
        "time": 1629627738862,
        "isBuyerMaker": true,
        "isBestMatch": true
    },
    {
        "id": 29091502,
        "price": "0.00056723",
        "qty": "2.80000000",
        "quoteQty": "0.00158824",
        "time": 1629627738862,
        "isBuyerMaker": true,
        "isBestMatch": true
    },
    {
        "id": 29091503,
        "price": "0.00056723",
        "qty": "0.60000000",
        "quoteQty": "0.00034033",
        "time": 1629627738862,
        "isBuyerMaker": true,
        "isBestMatch": true
    },
    {
        "id": 29091504,
        "price": "0.00056723",
        "qty": "1.50000000",
        "quoteQty": "0.00085084",
        "time": 1629627738876,
        "isBuyerMaker": true,
        "isBestMatch": true
    },
    {
        "id": 29091505,
        "price": "0.00056723",
        "qty": "1.10000000",
        "quoteQty": "0.00062395",
        "time": 1629627738876,
        "isBuyerMaker": true,
        "isBestMatch": true
    },
    {
        "id": 29091506,
        "price": "0.00056723",
        "qty": "1.00000000",
        "quoteQty": "0.00056723",
        "time": 1629627738876,
        "isBuyerMaker": true,
        "isBestMatch": true
    },
    {
        "id": 29091507,
        "price": "0.00056723",
        "qty": "1.40000000",
        "quoteQty": "0.00079412",
        "time": 1629627738876,
        "isBuyerMaker": true,
        "isBestMatch": true
    },
    {
        "id": 29091508,
        "price": "0.00056720",
        "qty": "0.70000000",
        "quoteQty": "0.00039704",
        "time": 1629627738925,
        "isBuyerMaker": true,
        "isBestMatch": true
    },
    {
        "id": 29091509,
        "price": "0.00056720",
        "qty": "0.40000000",
        "quoteQty": "0.00022688",
        "time": 1629627738925,
        "isBuyerMaker": true,
        "isBestMatch": true
    },
    {
        "id": 29091510,
        "price": "0.00056719",
        "qty": "1.60000000",
        "quoteQty": "0.00090750",
        "time": 1629627738948,
        "isBuyerMaker": true,
        "isBestMatch": true
    },
    {
        "id": 29091511,
        "price": "0.00056719",
        "qty": "0.30000000",
        "quoteQty": "0.00017015",
        "time": 1629627738948,
        "isBuyerMaker": true,
        "isBestMatch": true
    },
    {
        "id": 29091512,
        "price": "0.00056719",
        "qty": "0.60000000",
        "quoteQty": "0.00034031",
        "time": 1629627738948,
        "isBuyerMaker": true,
        "isBestMatch": true
    },
    {
        "id": 29091513,
        "price": "0.00056732",
        "qty": "89.50000000",
        "quoteQty": "0.05077514",
        "time": 1629627739375,
        "isBuyerMaker": false,
        "isBestMatch": true
    },
    {
        "id": 29091514,
        "price": "0.00056733",
        "qty": "30.50000000",
        "quoteQty": "0.01730356",
        "time": 1629627739375,
        "isBuyerMaker": false,
        "isBestMatch": true
    },
    {
        "id": 29091515,
        "price": "0.00056716",
        "qty": "21.50000000",
        "quoteQty": "0.01219394",
        "time": 1629627739777,
        "isBuyerMaker": true,
        "isBestMatch": true
    },
    {
        "id": 29091516,
        "price": "0.00056714",
        "qty": "0.20000000",
        "quoteQty": "0.00011342",
        "time": 1629627739785,
        "isBuyerMaker": true,
        "isBestMatch": true
    },
    {
        "id": 29091517,
        "price": "0.00056714",
        "qty": "2.20000000",
        "quoteQty": "0.00124770",
        "time": 1629627739785,
        "isBuyerMaker": true,
        "isBestMatch": true
    },
    {
        "id": 29091518,
        "price": "0.00056714",
        "qty": "2.10000000",
        "quoteQty": "0.00119099",
        "time": 1629627739785,
        "isBuyerMaker": true,
        "isBestMatch": true
    },
    {
        "id": 29091519,
        "price": "0.00056713",
        "qty": "0.90000000",
        "quoteQty": "0.00051041",
        "time": 1629627739792,
        "isBuyerMaker": true,
        "isBestMatch": true
    },
    {
        "id": 29091520,
        "price": "0.00056733",
        "qty": "0.30000000",
        "quoteQty": "0.00017019",
        "time": 1629627739798,
        "isBuyerMaker": false,
        "isBestMatch": true
    },
    {
        "id": 29091521,
        "price": "0.00056711",
        "qty": "1.90000000",
        "quoteQty": "0.00107750",
        "time": 1629627739799,
        "isBuyerMaker": true,
        "isBestMatch": true
    },
    {
        "id": 29091522,
        "price": "0.00056711",
        "qty": "1.30000000",
        "quoteQty": "0.00073724",
        "time": 1629627739799,
        "isBuyerMaker": true,
        "isBestMatch": true
    },
    {
        "id": 29091523,
        "price": "0.00056711",
        "qty": "1.10000000",
        "quoteQty": "0.00062382",
        "time": 1629627739799,
        "isBuyerMaker": true,
        "isBestMatch": true
    },
    {
        "id": 29091524,
        "price": "0.00056711",
        "qty": "1.10000000",
        "quoteQty": "0.00062382",
        "time": 1629627739799,
        "isBuyerMaker": true,
        "isBestMatch": true
    },
    {
        "id": 29091525,
        "price": "0.00056711",
        "qty": "0.60000000",
        "quoteQty": "0.00034026",
        "time": 1629627739799,
        "isBuyerMaker": true,
        "isBestMatch": true
    },
    {
        "id": 29091526,
        "price": "0.00056708",
        "qty": "1.10000000",
        "quoteQty": "0.00062378",
        "time": 1629627739859,
        "isBuyerMaker": true,
        "isBestMatch": true
    },
    {
        "id": 29091527,
        "price": "0.00056708",
        "qty": "0.60000000",
        "quoteQty": "0.00034024",
        "time": 1629627739859,
        "isBuyerMaker": true,
        "isBestMatch": true
    },
    {
        "id": 29091528,
        "price": "0.00056708",
        "qty": "0.40000000",
        "quoteQty": "0.00022683",
        "time": 1629627739859,
        "isBuyerMaker": true,
        "isBestMatch": true
    },
    {
        "id": 29091529,
        "price": "0.00056704",
        "qty": "15.80000000",
        "quoteQty": "0.00895923",
        "time": 1629627739900,
        "isBuyerMaker": true,
        "isBestMatch": true
    },
    {
        "id": 29091530,
        "price": "0.00056703",
        "qty": "1.10000000",
        "quoteQty": "0.00062373",
        "time": 1629627740097,
        "isBuyerMaker": true,
        "isBestMatch": true
    },
    {
        "id": 29091531,
        "price": "0.00056702",
        "qty": "0.40000000",
        "quoteQty": "0.00022680",
        "time": 1629627740113,
        "isBuyerMaker": true,
        "isBestMatch": true
    },
    {
        "id": 29091532,
        "price": "0.00056701",
        "qty": "0.30000000",
        "quoteQty": "0.00017010",
        "time": 1629627740141,
        "isBuyerMaker": true,
        "isBestMatch": true
    },
    {
        "id": 29091533,
        "price": "0.00056699",
        "qty": "1.20000000",
        "quoteQty": "0.00068038",
        "time": 1629627740141,
        "isBuyerMaker": true,
        "isBestMatch": true
    },
    {
        "id": 29091534,
        "price": "0.00056698",
        "qty": "30.00000000",
        "quoteQty": "0.01700940",
        "time": 1629627740141,
        "isBuyerMaker": true,
        "isBestMatch": true
    },
    {
        "id": 29091535,
        "price": "0.00056698",
        "qty": "31.70000000",
        "quoteQty": "0.01797326",
        "time": 1629627740155,
        "isBuyerMaker": true,
        "isBestMatch": true
    },
    {
        "id": 29091536,
        "price": "0.00056698",
        "qty": "39.80000000",
        "quoteQty": "0.02256580",
        "time": 1629627740166,
        "isBuyerMaker": true,
        "isBestMatch": true
    },
    {
        "id": 29091537,
        "price": "0.00056698",
        "qty": "30.00000000",
        "quoteQty": "0.01700940",
        "time": 1629627740177,
        "isBuyerMaker": true,
        "isBestMatch": true
    },
    {
        "id": 29091538,
        "price": "0.00056698",
        "qty": "59.00000000",
        "quoteQty": "0.03345182",
        "time": 1629627740191,
        "isBuyerMaker": true,
        "isBestMatch": true
    },
    {
        "id": 29091539,
        "price": "0.00056698",
        "qty": "12.40000000",
        "quoteQty": "0.00703055",
        "time": 1629627740231,
        "isBuyerMaker": true,
        "isBestMatch": true
    },
    {
        "id": 29091540,
        "price": "0.00056698",
        "qty": "30.00000000",
        "quoteQty": "0.01700940",
        "time": 1629627740236,
        "isBuyerMaker": true,
        "isBestMatch": true
    },
    {
        "id": 29091541,
        "price": "0.00056698",
        "qty": "12.20000000",
        "quoteQty": "0.00691715",
        "time": 1629627740377,
        "isBuyerMaker": true,
        "isBestMatch": true
    },
    {
        "id": 29091542,
        "price": "0.00056698",
        "qty": "34.40000000",
        "quoteQty": "0.01950411",
        "time": 1629627740406,
        "isBuyerMaker": true,
        "isBestMatch": true
    },
    {
        "id": 29091543,
        "price": "0.00056698",
        "qty": "89.00000000",
        "quoteQty": "0.05046122",
        "time": 1629627740432,
        "isBuyerMaker": true,
        "isBestMatch": true
    },
    {
        "id": 29091544,
        "price": "0.00056698",
        "qty": "271.70000000",
        "quoteQty": "0.15404846",
        "time": 1629627740437,
        "isBuyerMaker": true,
        "isBestMatch": true
    },
    {
        "id": 29091545,
        "price": "0.00056697",
        "qty": "0.80000000",
        "quoteQty": "0.00045357",
        "time": 1629627740445,
        "isBuyerMaker": true,
        "isBestMatch": true
    },
    {
        "id": 29091546,
        "price": "0.00056696",
        "qty": "0.60000000",
        "quoteQty": "0.00034017",
        "time": 1629627740513,
        "isBuyerMaker": true,
        "isBestMatch": true
    },
    {
        "id": 29091547,
        "price": "0.00056694",
        "qty": "2.80000000",
        "quoteQty": "0.00158743",
        "time": 1629627741064,
        "isBuyerMaker": true,
        "isBestMatch": true
    },
    {
        "id": 29091548,
        "price": "0.00056694",
        "qty": "0.90000000",
        "quoteQty": "0.00051024",
        "time": 1629627741064,
        "isBuyerMaker": true,
        "isBestMatch": true
    },
    {
        "id": 29091549,
        "price": "0.00056694",
        "qty": "0.50000000",
        "quoteQty": "0.00028347",
        "time": 1629627741064,
        "isBuyerMaker": true,
        "isBestMatch": true
    },
    {
        "id": 29091550,
        "price": "0.00056693",
        "qty": "1.00000000",
        "quoteQty": "0.00056693",
        "time": 1629627741081,
        "isBuyerMaker": true,
        "isBestMatch": true
    },
    {
        "id": 29091551,
        "price": "0.00056692",
        "qty": "2.00000000",
        "quoteQty": "0.00113384",
        "time": 1629627741090,
        "isBuyerMaker": true,
        "isBestMatch": true
    },
    {
        "id": 29091552,
        "price": "0.00056692",
        "qty": "0.70000000",
        "quoteQty": "0.00039684",
        "time": 1629627741090,
        "isBuyerMaker": true,
        "isBestMatch": true
    },
    {
        "id": 29091553,
        "price": "0.00056692",
        "qty": "0.70000000",
        "quoteQty": "0.00039684",
        "time": 1629627741090,
        "isBuyerMaker": true,
        "isBestMatch": true
    },
    {
        "id": 29091554,
        "price": "0.00056692",
        "qty": "56.00000000",
        "quoteQty": "0.03174752",
        "time": 1629627741090,
        "isBuyerMaker": true,
        "isBestMatch": true
    },
    {
        "id": 29091555,
        "price": "0.00056691",
        "qty": "0.30000000",
        "quoteQty": "0.00017007",
        "time": 1629627741101,
        "isBuyerMaker": true,
        "isBestMatch": true
    },
    {
        "id": 29091556,
        "price": "0.00056689",
        "qty": "0.60000000",
        "quoteQty": "0.00034013",
        "time": 1629627741187,
        "isBuyerMaker": true,
        "isBestMatch": true
    },
    {
        "id": 29091557,
        "price": "0.00056688",
        "qty": "3.00000000",
        "quoteQty": "0.00170064",
        "time": 1629627741373,
        "isBuyerMaker": true,
        "isBestMatch": true
    },
    {
        "id": 29091558,
        "price": "0.00056687",
        "qty": "1.10000000",
        "quoteQty": "0.00062355",
        "time": 1629627741410,
        "isBuyerMaker": true,
        "isBestMatch": true
    },
    {
        "id": 29091559,
        "price": "0.00056686",
        "qty": "0.80000000",
        "quoteQty": "0.00045348",
        "time": 1629627741410,
        "isBuyerMaker": true,
        "isBestMatch": true
    },
    {
        "id": 29091560,
        "price": "0.00056686",
        "qty": "0.90000000",
        "quoteQty": "0.00051017",
        "time": 1629627741410,
        "isBuyerMaker": true,
        "isBestMatch": true
    },
    {
        "id": 29091561,
        "price": "0.00056686",
        "qty": "0.10000000",
        "quoteQty": "0.00005668",
        "time": 1629627741536,
        "isBuyerMaker": true,
        "isBestMatch": true
    },
    {
        "id": 29091562,
        "price": "0.00056685",
        "qty": "1.90000000",
        "quoteQty": "0.00107701",
        "time": 1629627741536,
        "isBuyerMaker": true,
        "isBestMatch": true
    },
    {
        "id": 29091563,
        "price": "0.00056685",
        "qty": "1.50000000",
        "quoteQty": "0.00085027",
        "time": 1629627741566,
        "isBuyerMaker": true,
        "isBestMatch": true
    },
    {
        "id": 29091564,
        "price": "0.00056685",
        "qty": "0.90000000",
        "quoteQty": "0.00051016",
        "time": 1629627741577,
        "isBuyerMaker": true,
        "isBestMatch": true
    },
    {
        "id": 29091565,
        "price": "0.00056685",
        "qty": "1.00000000",
        "quoteQty": "0.00056685",
        "time": 1629627741577,
        "isBuyerMaker": true,
        "isBestMatch": true
    },
    {
        "id": 29091566,
        "price": "0.00056684",
        "qty": "1.50000000",
        "quoteQty": "0.00085026",
        "time": 1629627741577,
        "isBuyerMaker": true,
        "isBestMatch": true
    },
    {
        "id": 29091567,
        "price": "0.00056682",
        "qty": "1.50000000",
        "quoteQty": "0.00085023",
        "time": 1629627741577,
        "isBuyerMaker": true,
        "isBestMatch": true
    },
    {
        "id": 29091568,
        "price": "0.00056682",
        "qty": "0.60000000",
        "quoteQty": "0.00034009",
        "time": 1629627741585,
        "isBuyerMaker": true,
        "isBestMatch": true
    },
    {
        "id": 29091569,
        "price": "0.00056682",
        "qty": "1.00000000",
        "quoteQty": "0.00056682",
        "time": 1629627741585,
        "isBuyerMaker": true,
        "isBestMatch": true
    },
    {
        "id": 29091570,
        "price": "0.00056682",
        "qty": "0.60000000",
        "quoteQty": "0.00034009",
        "time": 1629627741585,
        "isBuyerMaker": true,
        "isBestMatch": true
    },
    {
        "id": 29091571,
        "price": "0.00056681",
        "qty": "0.50000000",
        "quoteQty": "0.00028340",
        "time": 1629627741597,
        "isBuyerMaker": true,
        "isBestMatch": true
    },
    {
        "id": 29091572,
        "price": "0.00056678",
        "qty": "1.20000000",
        "quoteQty": "0.00068013",
        "time": 1629627741633,
        "isBuyerMaker": true,
        "isBestMatch": true
    },
    {
        "id": 29091573,
        "price": "0.00056676",
        "qty": "2.70000000",
        "quoteQty": "0.00153025",
        "time": 1629627741633,
        "isBuyerMaker": true,
        "isBestMatch": true
    },
    {
        "id": 29091574,
        "price": "0.00056676",
        "qty": "1.40000000",
        "quoteQty": "0.00079346",
        "time": 1629627741633,
        "isBuyerMaker": true,
        "isBestMatch": true
    },
    {
        "id": 29091575,
        "price": "0.00056676",
        "qty": "1.00000000",
        "quoteQty": "0.00056676",
        "time": 1629627741633,
        "isBuyerMaker": true,
        "isBestMatch": true
    },
    {
        "id": 29091576,
        "price": "0.00056674",
        "qty": "0.30000000",
        "quoteQty": "0.00017002",
        "time": 1629627741633,
        "isBuyerMaker": true,
        "isBestMatch": true
    },
    {
        "id": 29091577,
        "price": "0.00056674",
        "qty": "81.00000000",
        "quoteQty": "0.04590594",
        "time": 1629627741633,
        "isBuyerMaker": true,
        "isBestMatch": true
    },
    {
        "id": 29091578,
        "price": "0.00056672",
        "qty": "1.50000000",
        "quoteQty": "0.00085008",
        "time": 1629627741633,
        "isBuyerMaker": true,
        "isBestMatch": true
    },
    {
        "id": 29091579,
        "price": "0.00056670",
        "qty": "1.20000000",
        "quoteQty": "0.00068004",
        "time": 1629627741633,
        "isBuyerMaker": true,
        "isBestMatch": true
    },
    {
        "id": 29091580,
        "price": "0.00056670",
        "qty": "30.00000000",
        "quoteQty": "0.01700100",
        "time": 1629627741980,
        "isBuyerMaker": true,
        "isBestMatch": true
    },
    {
        "id": 29091581,
        "price": "0.00056686",
        "qty": "56.00000000",
        "quoteQty": "0.03174416",
        "time": 1629627742020,
        "isBuyerMaker": true,
        "isBestMatch": true
    },
    {
        "id": 29091582,
        "price": "0.00056670",
        "qty": "16.00000000",
        "quoteQty": "0.00906720",
        "time": 1629627742057,
        "isBuyerMaker": true,
        "isBestMatch": true
    },
    {
        "id": 29091583,
        "price": "0.00056670",
        "qty": "21.80000000",
        "quoteQty": "0.01235406",
        "time": 1629627742061,
        "isBuyerMaker": true,
        "isBestMatch": true
    },
    {
        "id": 29091584,
        "price": "0.00056670",
        "qty": "5.00000000",
        "quoteQty": "0.00283350",
        "time": 1629627742062,
        "isBuyerMaker": true,
        "isBestMatch": true
    },
    {
        "id": 29091585,
        "price": "0.00056670",
        "qty": "45.00000000",
        "quoteQty": "0.02550150",
        "time": 1629627742062,
        "isBuyerMaker": true,
        "isBestMatch": true
    },
    {
        "id": 29091586,
        "price": "0.00056670",
        "qty": "5.00000000",
        "quoteQty": "0.00283350",
        "time": 1629627742062,
        "isBuyerMaker": true,
        "isBestMatch": true
    },
    {
        "id": 29091587,
        "price": "0.00056669",
        "qty": "0.30000000",
        "quoteQty": "0.00017000",
        "time": 1629627742078,
        "isBuyerMaker": true,
        "isBestMatch": true
    },
    {
        "id": 29091588,
        "price": "0.00056667",
        "qty": "0.60000000",
        "quoteQty": "0.00034000",
        "time": 1629627742087,
        "isBuyerMaker": true,
        "isBestMatch": true
    },
    {
        "id": 29091589,
        "price": "0.00056670",
        "qty": "2.20000000",
        "quoteQty": "0.00124674",
        "time": 1629627742098,
        "isBuyerMaker": true,
        "isBestMatch": true
    },
    {
        "id": 29091590,
        "price": "0.00056666",
        "qty": "2.00000000",
        "quoteQty": "0.00113332",
        "time": 1629627742098,
        "isBuyerMaker": true,
        "isBestMatch": true
    },
    {
        "id": 29091591,
        "price": "0.00056666",
        "qty": "1.10000000",
        "quoteQty": "0.00062332",
        "time": 1629627742098,
        "isBuyerMaker": true,
        "isBestMatch": true
    },
    {
        "id": 29091592,
        "price": "0.00056666",
        "qty": "1.60000000",
        "quoteQty": "0.00090665",
        "time": 1629627742098,
        "isBuyerMaker": true,
        "isBestMatch": true
    },
    {
        "id": 29091593,
        "price": "0.00056666",
        "qty": "24.30000000",
        "quoteQty": "0.01376983",
        "time": 1629627742098,
        "isBuyerMaker": true,
        "isBestMatch": true
    },
    {
        "id": 29091594,
        "price": "0.00056666",
        "qty": "0.70000000",
        "quoteQty": "0.00039666",
        "time": 1629627742505,
        "isBuyerMaker": true,
        "isBestMatch": true
    },
    {
        "id": 29091595,
        "price": "0.00056666",
        "qty": "0.80000000",
        "quoteQty": "0.00045332",
        "time": 1629627742505,
        "isBuyerMaker": true,
        "isBestMatch": true
    },
    {
        "id": 29091596,
        "price": "0.00056666",
        "qty": "0.70000000",
        "quoteQty": "0.00039666",
        "time": 1629627742505,
        "isBuyerMaker": true,
        "isBestMatch": true
    },
    {
        "id": 29091597,
        "price": "0.00056663",
        "qty": "0.30000000",
        "quoteQty": "0.00016998",
        "time": 1629627743063,
        "isBuyerMaker": true,
        "isBestMatch": true
    },
    {
        "id": 29091598,
        "price": "0.00056662",
        "qty": "0.30000000",
        "quoteQty": "0.00016998",
        "time": 1629627743479,
        "isBuyerMaker": true,
        "isBestMatch": true
    },
    {
        "id": 29091599,
        "price": "0.00056662",
        "qty": "1.00000000",
        "quoteQty": "0.00056662",
        "time": 1629627743479,
        "isBuyerMaker": true,
        "isBestMatch": true
    },
    {
        "id": 29091600,
        "price": "0.00056662",
        "qty": "1.00000000",
        "quoteQty": "0.00056662",
        "time": 1629627743479,
        "isBuyerMaker": true,
        "isBestMatch": true
    },
    {
        "id": 29091601,
        "price": "0.00056662",
        "qty": "0.10000000",
        "quoteQty": "0.00005666",
        "time": 1629627743479,
        "isBuyerMaker": true,
        "isBestMatch": true
    },
    {
        "id": 29091602,
        "price": "0.00056670",
        "qty": "1.60000000",
        "quoteQty": "0.00090672",
        "time": 1629627743575,
        "isBuyerMaker": false,
        "isBestMatch": true
    },
    {
        "id": 29091603,
        "price": "0.00056662",
        "qty": "1.30000000",
        "quoteQty": "0.00073660",
        "time": 1629627743970,
        "isBuyerMaker": true,
        "isBestMatch": true
    },
    {
        "id": 29091604,
        "price": "0.00056662",
