[
    {
        "id": 68665195,
        "price": "0.00362600",
        "qty": "0.23700000",
        "quoteQty": "0.00085936",
        "time": 1629983146781,
        "isBuyerMaker": true,
        "isBestMatch": true
    },
    {
        "id": 68665196,
        "price": "0.00362500",
        "qty": "0.03100000",
        "quoteQty": "0.00011237",
        "time": 1629983154616,
        "isBuyerMaker": true,
        "isBestMatch": true
    },
    {
        "id": 68665197,
        "price": "0.00362800",
        "qty": "0.08400000",
        "quoteQty": "0.00030475",
        "time": 1629983157909,
        "isBuyerMaker": false,
        "isBestMatch": true
    },
    {
        "id": 68665198,
        "price": "0.00362600",
        "qty": "0.04100000",
        "quoteQty": "0.00014866",
        "time": 1629983168003,
        "isBuyerMaker": false,
        "isBestMatch": true
    },
    {
        "id": 68665199,
        "price": "0.00362400",
        "qty": "0.15600000",
        "quoteQty": "0.00056534",
        "time": 1629983170387,
        "isBuyerMaker": true,
        "isBestMatch": true
    },
    {
        "id": 68665200,
        "price": "0.00362700",
        "qty": "0.20500000",
        "quoteQty": "0.00074353",
        "time": 1629983181943,
        "isBuyerMaker": false,
        "isBestMatch": true
    },
    {
        "id": 68665201,
        "price": "0.00362700",
        "qty": "0.31400000",
        "quoteQty": "0.00113887",
        "time": 1629983188845,
        "isBuyerMaker": false,
        "isBestMatch": true
    },
    {
        "id": 68665202,
        "price": "0.00362300",
        "qty": "2.39700000",
        "quoteQty": "0.00868433",
        "time": 1629983208890,
        "isBuyerMaker": true,
        "isBestMatch": true
    },
    {
        "id": 68665203,
        "price": "0.00362200",
        "qty": "0.06000000",
        "quoteQty": "0.00021732",
        "time": 1629983212566,
        "isBuyerMaker": true,
        "isBestMatch": true
    },
    {
        "id": 68665204,
        "price": "0.00362200",
        "qty": "2.89700000",
        "quoteQty": "0.01049293",
        "time": 1629983212566,
        "isBuyerMaker": true,
        "isBestMatch": true
    },
    {
        "id": 68665205,
        "price": "0.00362200",
        "qty": "1.35100000",
        "quoteQty": "0.00489332",
        "time": 1629983212644,
        "isBuyerMaker": true,
        "isBestMatch": true
    },
    {
        "id": 68665206,
        "price": "0.00362100",
        "qty": "2.81400000",
        "quoteQty": "0.01018949",
        "time": 1629983216659,
        "isBuyerMaker": true,
        "isBestMatch": true
    },
    {
        "id": 68665207,
        "price": "0.00362000",
        "qty": "0.10000000",
        "quoteQty": "0.00036200",
        "time": 1629983216659,
        "isBuyerMaker": true,
        "isBestMatch": true
    },
    {
        "id": 68665208,
        "price": "0.00362000",
        "qty": "0.00800000",
        "quoteQty": "0.00002896",
        "time": 1629983216659,
        "isBuyerMaker": true,
        "isBestMatch": true
    },
    {
        "id": 68665209,
        "price": "0.00362000",
        "qty": "0.02200000",
        "quoteQty": "0.00007964",
        "time": 1629983221192,
        "isBuyerMaker": true,
        "isBestMatch": true
    },
    {
        "id": 68665210,
        "price": "0.00362000",
        "qty": "4.37700000",
        "quoteQty": "0.01584474",
        "time": 1629983221192,
        "isBuyerMaker": true,
        "isBestMatch": true
    },
    {
        "id": 68665211,
        "price": "0.00361900",
        "qty": "11.00000000",
        "quoteQty": "0.03980900",
        "time": 1629983221192,
        "isBuyerMaker": true,
        "isBestMatch": true
    },
    {
        "id": 68665212,
        "price": "0.00361900",
        "qty": "0.89900000",
        "quoteQty": "0.00325348",
        "time": 1629983221192,
        "isBuyerMaker": true,
        "isBestMatch": true
    },
    {
        "id": 68665213,
        "price": "0.00361900",
        "qty": "4.30800000",
        "quoteQty": "0.01559065",
        "time": 1629983225925,
        "isBuyerMaker": true,
        "isBestMatch": true
    },
    {
        "id": 68665214,
        "price": "0.00361900",
        "qty": "3.52900000",
        "quoteQty": "0.01277145",
        "time": 1629983225926,
        "isBuyerMaker": true,
        "isBestMatch": true
    },
    {
        "id": 68665215,
        "price": "0.00361900",
        "qty": "3.16300000",
        "quoteQty": "0.01144689",
        "time": 1629983225928,
        "isBuyerMaker": true,
        "isBestMatch": true
    },
    {
        "id": 68665216,
        "price": "0.00361900",
        "qty": "0.17500000",
        "quoteQty": "0.00063332",
        "time": 1629983225928,
        "isBuyerMaker": true,
        "isBestMatch": true
    },
    {
        "id": 68665217,
        "price": "0.00361900",
        "qty": "1.59000000",
        "quoteQty": "0.00575421",
        "time": 1629983225929,
        "isBuyerMaker": true,
        "isBestMatch": true
    },
    {
        "id": 68665218,
        "price": "0.00361900",
        "qty": "1.00600000",
        "quoteQty": "0.00364071",
        "time": 1629983225931,
        "isBuyerMaker": true,
        "isBestMatch": true
    },
    {
        "id": 68665219,
        "price": "0.00361900",
        "qty": "1.81100000",
        "quoteQty": "0.00655400",
        "time": 1629983225931,
        "isBuyerMaker": true,
        "isBestMatch": true
    },
    {
        "id": 68665220,
        "price": "0.00361900",
        "qty": "4.53500000",
        "quoteQty": "0.01641216",
        "time": 1629983225952,
        "isBuyerMaker": true,
        "isBestMatch": true
    },
    {
        "id": 68665221,
        "price": "0.00362000",
        "qty": "0.33800000",
        "quoteQty": "0.00122356",
        "time": 1629983227788,
        "isBuyerMaker": false,
        "isBestMatch": true
    },
    {
        "id": 68665222,
        "price": "0.00361800",
        "qty": "4.37000000",
        "quoteQty": "0.01581066",
        "time": 1629983233493,
        "isBuyerMaker": true,
        "isBestMatch": true
    },
    {
        "id": 68665223,
        "price": "0.00361700",
        "qty": "0.06000000",
        "quoteQty": "0.00021702",
        "time": 1629983233511,
        "isBuyerMaker": true,
        "isBestMatch": true
    },
    {
        "id": 68665224,
        "price": "0.00361700",
        "qty": "4.95700000",
        "quoteQty": "0.01792946",
        "time": 1629983233511,
        "isBuyerMaker": true,
        "isBestMatch": true
    },
    {
        "id": 68665225,
        "price": "0.00361700",
        "qty": "2.77600000",
        "quoteQty": "0.01004079",
        "time": 1629983235275,
        "isBuyerMaker": true,
        "isBestMatch": true
    },
    {
        "id": 68665226,
        "price": "0.00361700",
        "qty": "0.08000000",
        "quoteQty": "0.00028936",
        "time": 1629983253083,
        "isBuyerMaker": true,
        "isBestMatch": true
    },
    {
        "id": 68665227,
        "price": "0.00361600",
        "qty": "0.21400000",
        "quoteQty": "0.00077382",
        "time": 1629983253083,
        "isBuyerMaker": true,
        "isBestMatch": true
    },
    {
        "id": 68665228,
        "price": "0.00361700",
        "qty": "0.04000000",
        "quoteQty": "0.00014468",
        "time": 1629983254389,
        "isBuyerMaker": true,
        "isBestMatch": true
    },
    {
        "id": 68665229,
        "price": "0.00361700",
        "qty": "0.08000000",
        "quoteQty": "0.00028936",
        "time": 1629983254389,
        "isBuyerMaker": true,
        "isBestMatch": true
    },
    {
        "id": 68665230,
        "price": "0.00361800",
        "qty": "0.06300000",
        "quoteQty": "0.00022793",
        "time": 1629983257315,
        "isBuyerMaker": false,
        "isBestMatch": true
    },
    {
        "id": 68665231,
        "price": "0.00361600",
        "qty": "4.16400000",
        "quoteQty": "0.01505702",
        "time": 1629983262643,
        "isBuyerMaker": true,
        "isBestMatch": true
    },
    {
        "id": 68665232,
        "price": "0.00361600",
        "qty": "0.21400000",
        "quoteQty": "0.00077382",
        "time": 1629983262643,
        "isBuyerMaker": true,
        "isBestMatch": true
    },
    {
        "id": 68665233,
        "price": "0.00361500",
        "qty": "1.46400000",
        "quoteQty": "0.00529236",
        "time": 1629983265337,
        "isBuyerMaker": true,
        "isBestMatch": true
    },
    {
        "id": 68665234,
        "price": "0.00361800",
        "qty": "0.08300000",
        "quoteQty": "0.00030029",
        "time": 1629983274579,
        "isBuyerMaker": false,
        "isBestMatch": true
    },
    {
        "id": 68665235,
        "price": "0.00361800",
        "qty": "0.04400000",
        "quoteQty": "0.00015919",
        "time": 1629983280046,
        "isBuyerMaker": false,
        "isBestMatch": true
    },
    {
        "id": 68665236,
        "price": "0.00361700",
        "qty": "0.03900000",
        "quoteQty": "0.00014106",
        "time": 1629983280606,
        "isBuyerMaker": false,
        "isBestMatch": true
    },
    {
        "id": 68665237,
        "price": "0.00361700",
        "qty": "0.10100000",
        "quoteQty": "0.00036531",
        "time": 1629983283461,
        "isBuyerMaker": false,
        "isBestMatch": true
    },
    {
        "id": 68665238,
        "price": "0.00361500",
        "qty": "0.53600000",
        "quoteQty": "0.00193764",
        "time": 1629983284432,
        "isBuyerMaker": true,
        "isBestMatch": true
    },
    {
        "id": 68665239,
        "price": "0.00361500",
        "qty": "1.83400000",
        "quoteQty": "0.00662991",
        "time": 1629983284432,
        "isBuyerMaker": true,
        "isBestMatch": true
    },
    {
        "id": 68665240,
        "price": "0.00361700",
        "qty": "11.00000000",
        "quoteQty": "0.03978700",
        "time": 1629983294341,
        "isBuyerMaker": false,
        "isBestMatch": true
    },
    {
        "id": 68665241,
        "price": "0.00361700",
        "qty": "11.00000000",
        "quoteQty": "0.03978700",
        "time": 1629983294439,
        "isBuyerMaker": false,
        "isBestMatch": true
    },
    {
        "id": 68665242,
        "price": "0.00361700",
        "qty": "0.42600000",
        "quoteQty": "0.00154084",
        "time": 1629983296929,
        "isBuyerMaker": false,
        "isBestMatch": true
    },
    {
        "id": 68665243,
        "price": "0.00361800",
        "qty": "11.00000000",
        "quoteQty": "0.03979800",
        "time": 1629983325493,
        "isBuyerMaker": false,
        "isBestMatch": true
    },
    {
        "id": 68665244,
        "price": "0.00361800",
        "qty": "3.52900000",
        "quoteQty": "0.01276792",
        "time": 1629983325493,
        "isBuyerMaker": false,
        "isBestMatch": true
    },
    {
        "id": 68665245,
        "price": "0.00361800",
        "qty": "0.16700000",
        "quoteQty": "0.00060420",
        "time": 1629983334145,
        "isBuyerMaker": false,
        "isBestMatch": true
    },
    {
        "id": 68665246,
        "price": "0.00361500",
        "qty": "2.93000000",
        "quoteQty": "0.01059195",
        "time": 1629983335062,
        "isBuyerMaker": true,
        "isBestMatch": true
    },
    {
        "id": 68665247,
        "price": "0.00361900",
        "qty": "0.48300000",
        "quoteQty": "0.00174797",
        "time": 1629983352429,
        "isBuyerMaker": false,
        "isBestMatch": true
    },
    {
        "id": 68665248,
        "price": "0.00361900",
        "qty": "0.02700000",
        "quoteQty": "0.00009771",
        "time": 1629983353017,
        "isBuyerMaker": false,
        "isBestMatch": true
    },
    {
        "id": 68665249,
        "price": "0.00361900",
        "qty": "0.53900000",
        "quoteQty": "0.00195064",
        "time": 1629983358093,
        "isBuyerMaker": false,
        "isBestMatch": true
    },
    {
        "id": 68665250,
        "price": "0.00361900",
        "qty": "0.16700000",
        "quoteQty": "0.00060437",
        "time": 1629983358988,
        "isBuyerMaker": false,
        "isBestMatch": true
    },
    {
        "id": 68665251,
        "price": "0.00361900",
        "qty": "9.10100000",
        "quoteQty": "0.03293651",
        "time": 1629983369015,
        "isBuyerMaker": false,
        "isBestMatch": true
    },
    {
        "id": 68665252,
        "price": "0.00361900",
        "qty": "16.19200000",
        "quoteQty": "0.05859884",
        "time": 1629983369024,
        "isBuyerMaker": false,
        "isBestMatch": true
    },
    {
        "id": 68665253,
        "price": "0.00361900",
        "qty": "0.02800000",
        "quoteQty": "0.00010133",
        "time": 1629983370853,
        "isBuyerMaker": false,
        "isBestMatch": true
    },
    {
        "id": 68665254,
        "price": "0.00361700",
        "qty": "6.00500000",
        "quoteQty": "0.02172008",
        "time": 1629983373649,
        "isBuyerMaker": true,
        "isBestMatch": true
    },
    {
        "id": 68665255,
        "price": "0.00361900",
        "qty": "0.05000000",
        "quoteQty": "0.00018095",
        "time": 1629983381736,
        "isBuyerMaker": false,
        "isBestMatch": true
    },
    {
        "id": 68665256,
        "price": "0.00361900",
        "qty": "0.00200000",
        "quoteQty": "0.00000723",
        "time": 1629983389737,
        "isBuyerMaker": false,
        "isBestMatch": true
    },
    {
        "id": 68665257,
        "price": "0.00361900",
        "qty": "0.25000000",
        "quoteQty": "0.00090475",
        "time": 1629983389737,
        "isBuyerMaker": false,
        "isBestMatch": true
    },
    {
        "id": 68665258,
        "price": "0.00361900",
        "qty": "0.07000000",
        "quoteQty": "0.00025333",
        "time": 1629983389737,
        "isBuyerMaker": false,
        "isBestMatch": true
    },
    {
        "id": 68665259,
        "price": "0.00361800",
        "qty": "0.03300000",
        "quoteQty": "0.00011939",
        "time": 1629983391865,
        "isBuyerMaker": true,
        "isBestMatch": true
    },
    {
        "id": 68665260,
        "price": "0.00361700",
        "qty": "4.05400000",
        "quoteQty": "0.01466331",
        "time": 1629983391865,
        "isBuyerMaker": true,
        "isBestMatch": true
    },
    {
        "id": 68665261,
        "price": "0.00361900",
        "qty": "0.35000000",
        "quoteQty": "0.00126665",
        "time": 1629983394690,
        "isBuyerMaker": false,
        "isBestMatch": true
    },
    {
        "id": 68665262,
        "price": "0.00361900",
        "qty": "0.34900000",
        "quoteQty": "0.00126303",
        "time": 1629983394690,
        "isBuyerMaker": false,
        "isBestMatch": true
    },
    {
        "id": 68665263,
        "price": "0.00361900",
        "qty": "0.08000000",
        "quoteQty": "0.00028952",
        "time": 1629983395222,
        "isBuyerMaker": false,
        "isBestMatch": true
    },
    {
        "id": 68665264,
        "price": "0.00361900",
        "qty": "0.56100000",
        "quoteQty": "0.00203025",
        "time": 1629983399937,
        "isBuyerMaker": false,
        "isBestMatch": true
    },
    {
        "id": 68665265,
        "price": "0.00362000",
        "qty": "0.13000000",
        "quoteQty": "0.00047060",
        "time": 1629983411277,
        "isBuyerMaker": false,
        "isBestMatch": true
    },
    {
        "id": 68665266,
        "price": "0.00361700",
        "qty": "0.11600000",
        "quoteQty": "0.00041957",
        "time": 1629983416690,
        "isBuyerMaker": false,
        "isBestMatch": true
    },
    {
        "id": 68665267,
        "price": "0.00361700",
        "qty": "16.28100000",
        "quoteQty": "0.05888837",
        "time": 1629983416735,
        "isBuyerMaker": false,
        "isBestMatch": true
    },
    {
        "id": 68665268,
        "price": "0.00361900",
        "qty": "0.05000000",
        "quoteQty": "0.00018095",
        "time": 1629983422769,
        "isBuyerMaker": false,
        "isBestMatch": true
    },
    {
        "id": 68665269,
        "price": "0.00361900",
        "qty": "0.07400000",
        "quoteQty": "0.00026780",
        "time": 1629983436272,
        "isBuyerMaker": false,
        "isBestMatch": true
    },
    {
        "id": 68665270,
        "price": "0.00361900",
        "qty": "0.82900000",
        "quoteQty": "0.00300015",
        "time": 1629983441360,
        "isBuyerMaker": false,
        "isBestMatch": true
    },
    {
        "id": 68665271,
        "price": "0.00361900",
        "qty": "1.12700000",
        "quoteQty": "0.00407861",
        "time": 1629983449146,
        "isBuyerMaker": false,
        "isBestMatch": true
    },
    {
        "id": 68665272,
        "price": "0.00361900",
        "qty": "9.87300000",
        "quoteQty": "0.03573038",
        "time": 1629983449786,
        "isBuyerMaker": false,
        "isBestMatch": true
    },
    {
        "id": 68665273,
        "price": "0.00361900",
        "qty": "4.28700000",
        "quoteQty": "0.01551465",
        "time": 1629983449889,
        "isBuyerMaker": false,
        "isBestMatch": true
    },
    {
        "id": 68665274,
        "price": "0.00361900",
        "qty": "0.02900000",
        "quoteQty": "0.00010495",
        "time": 1629983452286,
        "isBuyerMaker": false,
        "isBestMatch": true
    },
    {
        "id": 68665275,
        "price": "0.00361700",
        "qty": "0.07900000",
        "quoteQty": "0.00028574",
        "time": 1629983454200,
        "isBuyerMaker": true,
        "isBestMatch": true
    },
    {
        "id": 68665276,
        "price": "0.00361600",
        "qty": "2.85700000",
        "quoteQty": "0.01033091",
        "time": 1629983454200,
        "isBuyerMaker": true,
        "isBestMatch": true
    },
    {
        "id": 68665277,
        "price": "0.00361900",
        "qty": "0.05400000",
        "quoteQty": "0.00019542",
        "time": 1629983456998,
        "isBuyerMaker": false,
        "isBestMatch": true
    },
    {
        "id": 68665278,
        "price": "0.00361700",
        "qty": "0.37700000",
        "quoteQty": "0.00136360",
        "time": 1629983467092,
        "isBuyerMaker": true,
        "isBestMatch": true
    },
    {
        "id": 68665279,
        "price": "0.00361700",
        "qty": "0.20400000",
        "quoteQty": "0.00073786",
        "time": 1629983474160,
        "isBuyerMaker": false,
        "isBestMatch": true
    },
    {
        "id": 68665280,
        "price": "0.00361700",
        "qty": "0.16600000",
        "quoteQty": "0.00060042",
        "time": 1629983476920,
        "isBuyerMaker": false,
        "isBestMatch": true
    },
    {
        "id": 68665281,
        "price": "0.00361500",
        "qty": "0.25400000",
        "quoteQty": "0.00091821",
        "time": 1629983483420,
        "isBuyerMaker": true,
        "isBestMatch": true
    },
    {
        "id": 68665282,
        "price": "0.00361500",
        "qty": "0.19800000",
        "quoteQty": "0.00071577",
        "time": 1629983488779,
        "isBuyerMaker": true,
        "isBestMatch": true
    },
    {
        "id": 68665283,
        "price": "0.00361600",
        "qty": "0.04100000",
        "quoteQty": "0.00014825",
        "time": 1629983495855,
        "isBuyerMaker": true,
        "isBestMatch": true
    },
    {
        "id": 68665284,
        "price": "0.00361900",
        "qty": "0.27600000",
        "quoteQty": "0.00099884",
        "time": 1629983503486,
        "isBuyerMaker": false,
        "isBestMatch": true
    },
    {
        "id": 68665285,
        "price": "0.00361700",
        "qty": "11.00000000",
        "quoteQty": "0.03978700",
        "time": 1629983517094,
        "isBuyerMaker": false,
        "isBestMatch": true
    },
    {
        "id": 68665286,
        "price": "0.00361700",
        "qty": "3.29400000",
        "quoteQty": "0.01191439",
        "time": 1629983517094,
        "isBuyerMaker": false,
        "isBestMatch": true
    },
    {
        "id": 68665287,
        "price": "0.00361600",
        "qty": "0.85000000",
        "quoteQty": "0.00307360",
        "time": 1629983521374,
        "isBuyerMaker": true,
        "isBestMatch": true
    },
    {
        "id": 68665288,
        "price": "0.00361500",
        "qty": "0.62400000",
        "quoteQty": "0.00225576",
        "time": 1629983521374,
        "isBuyerMaker": true,
        "isBestMatch": true
    },
    {
        "id": 68665289,
        "price": "0.00361500",
        "qty": "2.57700000",
        "quoteQty": "0.00931585",
        "time": 1629983521374,
        "isBuyerMaker": true,
        "isBestMatch": true
    },
    {
        "id": 68665290,
        "price": "0.00361800",
        "qty": "0.05500000",
        "quoteQty": "0.00019899",
        "time": 1629983522790,
        "isBuyerMaker": false,
        "isBestMatch": true
    },
    {
        "id": 68665291,
        "price": "0.00361500",
        "qty": "3.54000000",
        "quoteQty": "0.01279710",
        "time": 1629983527226,
        "isBuyerMaker": true,
        "isBestMatch": true
    },
    {
        "id": 68665292,
        "price": "0.00361900",
        "qty": "1.10500000",
        "quoteQty": "0.00399899",
        "time": 1629983543876,
        "isBuyerMaker": false,
        "isBestMatch": true
    },
    {
        "id": 68665293,
        "price": "0.00361600",
        "qty": "2.94000000",
        "quoteQty": "0.01063104",
        "time": 1629983573742,
        "isBuyerMaker": true,
        "isBestMatch": true
    },
    {
        "id": 68665294,
        "price": "0.00361600",
        "qty": "0.16000000",
        "quoteQty": "0.00057856",
        "time": 1629983573819,
        "isBuyerMaker": true,
        "isBestMatch": true
    },
    {
        "id": 68665295,
        "price": "0.00361900",
        "qty": "0.08100000",
        "quoteQty": "0.00029313",
        "time": 1629983576521,
        "isBuyerMaker": false,
        "isBestMatch": true
    },
    {
        "id": 68665296,
        "price": "0.00361900",
        "qty": "0.14300000",
        "quoteQty": "0.00051751",
        "time": 1629983578542,
        "isBuyerMaker": false,
        "isBestMatch": true
    },
    {
        "id": 68665297,
        "price": "0.00361900",
        "qty": "0.20000000",
        "quoteQty": "0.00072380",
        "time": 1629983591646,
        "isBuyerMaker": false,
        "isBestMatch": true
    },
    {
        "id": 68665298,
        "price": "0.00361900",
        "qty": "0.21400000",
        "quoteQty": "0.00077446",
        "time": 1629983594619,
        "isBuyerMaker": false,
        "isBestMatch": true
    },
    {
        "id": 68665299,
        "price": "0.00361900",
        "qty": "0.27600000",
        "quoteQty": "0.00099884",
        "time": 1629983599210,
        "isBuyerMaker": false,
        "isBestMatch": true
    },
    {
        "id": 68665300,
        "price": "0.00361900",
        "qty": "0.13800000",
        "quoteQty": "0.00049942",
        "time": 1629983601372,
        "isBuyerMaker": false,
        "isBestMatch": true
    },
    {
        "id": 68665301,
        "price": "0.00361900",
        "qty": "1.00700000",
        "quoteQty": "0.00364433",
        "time": 1629983603586,
        "isBuyerMaker": false,
        "isBestMatch": true
    },
    {
        "id": 68665302,
        "price": "0.00361600",
        "qty": "0.11400000",
        "quoteQty": "0.00041222",
        "time": 1629983624185,
        "isBuyerMaker": true,
        "isBestMatch": true
    },
    {
        "id": 68665303,
        "price": "0.00361800",
        "qty": "0.12900000",
        "quoteQty": "0.00046672",
        "time": 1629983642893,
        "isBuyerMaker": false,
        "isBestMatch": true
    },
    {
        "id": 68665304,
        "price": "0.00361800",
        "qty": "3.82000000",
        "quoteQty": "0.01382076",
        "time": 1629983651647,
        "isBuyerMaker": false,
        "isBestMatch": true
    },
    {
        "id": 68665305,
        "price": "0.00361800",
        "qty": "0.28300000",
        "quoteQty": "0.00102389",
        "time": 1629983655294,
        "isBuyerMaker": false,
        "isBestMatch": true
    },
    {
        "id": 68665306,
        "price": "0.00361500",
        "qty": "3.75600000",
        "quoteQty": "0.01357794",
        "time": 1629983657633,
        "isBuyerMaker": true,
        "isBestMatch": true
    },
    {
        "id": 68665307,
        "price": "0.00361500",
        "qty": "6.51300000",
        "quoteQty": "0.02354449",
        "time": 1629983657633,
        "isBuyerMaker": true,
        "isBestMatch": true
    },
    {
        "id": 68665308,
        "price": "0.00361600",
        "qty": "0.62000000",
        "quoteQty": "0.00224192",
        "time": 1629983661411,
        "isBuyerMaker": true,
        "isBestMatch": true
    },
    {
        "id": 68665309,
        "price": "0.00361500",
        "qty": "0.11300000",
        "quoteQty": "0.00040849",
        "time": 1629983679257,
        "isBuyerMaker": true,
        "isBestMatch": true
    },
    {
        "id": 68665310,
        "price": "0.00361600",
        "qty": "3.93200000",
        "quoteQty": "0.01421811",
        "time": 1629983692685,
        "isBuyerMaker": false,
        "isBestMatch": true
    },
    {
        "id": 68665311,
        "price": "0.00361500",
        "qty": "2.01500000",
        "quoteQty": "0.00728422",
        "time": 1629983693110,
        "isBuyerMaker": true,
        "isBestMatch": true
    },
    {
        "id": 68665312,
        "price": "0.00361500",
        "qty": "2.94100000",
        "quoteQty": "0.01063171",
        "time": 1629983694910,
        "isBuyerMaker": true,
        "isBestMatch": true
    },
    {
        "id": 68665313,
        "price": "0.00361500",
        "qty": "1.16200000",
        "quoteQty": "0.00420063",
        "time": 1629983703866,
        "isBuyerMaker": false,
        "isBestMatch": true
    },
    {
        "id": 68665314,
        "price": "0.00361500",
        "qty": "3.31900000",
        "quoteQty": "0.01199818",
        "time": 1629983703866,
        "isBuyerMaker": false,
        "isBestMatch": true
    },
    {
        "id": 68665315,
        "price": "0.00361500",
        "qty": "2.69800000",
        "quoteQty": "0.00975327",
        "time": 1629983703867,
        "isBuyerMaker": false,
        "isBestMatch": true
    },
    {
        "id": 68665316,
        "price": "0.00361400",
        "qty": "5.07900000",
        "quoteQty": "0.01835550",
        "time": 1629983703868,
        "isBuyerMaker": true,
        "isBestMatch": true
    },
    {
        "id": 68665317,
        "price": "0.00361400",
        "qty": "5.70000000",
        "quoteQty": "0.02059980",
        "time": 1629983703868,
        "isBuyerMaker": true,
        "isBestMatch": true
    },
    {
        "id": 68665318,
        "price": "0.00361400",
        "qty": "8.29700000",
        "quoteQty": "0.02998535",
        "time": 1629983703868,
        "isBuyerMaker": true,
        "isBestMatch": true
    },
    {
        "id": 68665319,
        "price": "0.00361400",
        "qty": "6.92400000",
        "quoteQty": "0.02502333",
        "time": 1629983703868,
        "isBuyerMaker": true,
        "isBestMatch": true
    },
    {
        "id": 68665320,
        "price": "0.00361500",
        "qty": "1.46600000",
        "quoteQty": "0.00529959",
        "time": 1629983704664,
        "isBuyerMaker": false,
        "isBestMatch": true
    },
    {
        "id": 68665321,
        "price": "0.00361600",
        "qty": "0.24200000",
        "quoteQty": "0.00087507",
        "time": 1629983706743,
        "isBuyerMaker": false,
        "isBestMatch": true
    },
    {
        "id": 68665322,
        "price": "0.00361900",
        "qty": "0.26800000",
        "quoteQty": "0.00096989",
        "time": 1629983715630,
        "isBuyerMaker": false,
        "isBestMatch": true
    },
    {
        "id": 68665323,
        "price": "0.00361900",
        "qty": "0.07900000",
        "quoteQty": "0.00028590",
        "time": 1629983725081,
        "isBuyerMaker": false,
        "isBestMatch": true
    },
    {
        "id": 68665324,
        "price": "0.00361800",
        "qty": "0.46800000",
        "quoteQty": "0.00169322",
        "time": 1629983726856,
        "isBuyerMaker": true,
        "isBestMatch": true
    },
    {
        "id": 68665325,
        "price": "0.00361800",
        "qty": "0.67900000",
        "quoteQty": "0.00245662",
        "time": 1629983726856,
        "isBuyerMaker": true,
        "isBestMatch": true
    },
    {
        "id": 68665326,
        "price": "0.00361900",
        "qty": "2.93700000",
        "quoteQty": "0.01062900",
        "time": 1629983726932,
        "isBuyerMaker": false,
        "isBestMatch": true
    },
    {
        "id": 68665327,
        "price": "0.00361900",
        "qty": "1.71600000",
        "quoteQty": "0.00621020",
        "time": 1629983727538,
        "isBuyerMaker": false,
        "isBestMatch": true
    },
    {
        "id": 68665328,
        "price": "0.00362000",
        "qty": "6.15000000",
        "quoteQty": "0.02226300",
        "time": 1629983728853,
        "isBuyerMaker": false,
        "isBestMatch": true
    },
    {
        "id": 68665329,
        "price": "0.00362000",
        "qty": "0.07600000",
        "quoteQty": "0.00027512",
        "time": 1629983728864,
        "isBuyerMaker": true,
        "isBestMatch": true
    },
    {
        "id": 68665330,
        "price": "0.00362100",
        "qty": "1.01600000",
        "quoteQty": "0.00367893",
        "time": 1629983729986,
        "isBuyerMaker": true,
        "isBestMatch": true
    },
    {
        "id": 68665331,
        "price": "0.00362100",
        "qty": "1.01600000",
        "quoteQty": "0.00367893",
        "time": 1629983731182,
        "isBuyerMaker": true,
        "isBestMatch": true
    },
    {
        "id": 68665332,
        "price": "0.00362100",
        "qty": "1.01600000",
        "quoteQty": "0.00367893",
        "time": 1629983732380,
        "isBuyerMaker": false,
        "isBestMatch": true
    },
    {
        "id": 68665333,
        "price": "0.00362200",
        "qty": "2.03600000",
        "quoteQty": "0.00737439",
        "time": 1629983736888,
        "isBuyerMaker": false,
        "isBestMatch": true
    },
    {
        "id": 68665334,
        "price": "0.00362200",
        "qty": "2.03600000",
        "quoteQty": "0.00737439",
        "time": 1629983737213,
        "isBuyerMaker": true,
        "isBestMatch": true
    },
    {
        "id": 68665335,
        "price": "0.00362200",
        "qty": "2.39500000",
        "quoteQty": "0.00867469",
        "time": 1629983738644,
        "isBuyerMaker": true,
        "isBestMatch": true
    },
    {
        "id": 68665336,
        "price": "0.00362100",
        "qty": "6.88200000",
        "quoteQty": "0.02491972",
        "time": 1629983744907,
        "isBuyerMaker": true,
        "isBestMatch": true
    },
    {
        "id": 68665337,
        "price": "0.00362300",
        "qty": "1.01900000",
        "quoteQty": "0.00369183",
        "time": 1629983747929,
        "isBuyerMaker": false,
        "isBestMatch": true
    },
    {
        "id": 68665338,
        "price": "0.00362300",
        "qty": "1.02000000",
        "quoteQty": "0.00369546",
        "time": 1629983748895,
        "isBuyerMaker": true,
        "isBestMatch": true
    },
    {
        "id": 68665339,
        "price": "0.00362300",
        "qty": "1.02000000",
        "quoteQty": "0.00369546",
        "time": 1629983749668,
        "isBuyerMaker": true,
        "isBestMatch": true
    },
    {
        "id": 68665340,
        "price": "0.00362300",
        "qty": "5.80000000",
        "quoteQty": "0.02101340",
        "time": 1629983749797,
        "isBuyerMaker": true,
        "isBestMatch": true
    },
    {
        "id": 68665341,
        "price": "0.00362300",
        "qty": "1.02000000",
        "quoteQty": "0.00369546",
        "time": 1629983750880,
        "isBuyerMaker": false,
        "isBestMatch": true
    },
    {
        "id": 68665342,
        "price": "0.00362400",
        "qty": "0.02800000",
        "quoteQty": "0.00010147",
        "time": 1629983754266,
        "isBuyerMaker": false,
        "isBestMatch": true
    },
    {
        "id": 68665343,
        "price": "0.00362400",
        "qty": "0.02800000",
        "quoteQty": "0.00010147",
        "time": 1629983755765,
        "isBuyerMaker": false,
        "isBestMatch": true
    },
    {
        "id": 68665344,
        "price": "0.00362400",
        "qty": "0.06000000",
        "quoteQty": "0.00021744",
        "time": 1629983755767,
        "isBuyerMaker": false,
        "isBestMatch": true
    },
    {
        "id": 68665345,
        "price": "0.00362400",
        "qty": "0.88400000",
        "quoteQty": "0.00320361",
        "time": 1629983759594,
        "isBuyerMaker": false,
        "isBestMatch": true
    },
    {
        "id": 68665346,
        "price": "0.00362400",
        "qty": "2.03700000",
        "quoteQty": "0.00738208",
        "time": 1629983759594,
        "isBuyerMaker": false,
        "isBestMatch": true
    },
    {
        "id": 68665347,
        "price": "0.00362500",
        "qty": "0.13800000",
        "quoteQty": "0.00050025",
        "time": 1629983763196,
        "isBuyerMaker": false,
        "isBestMatch": true
    },
    {
        "id": 68665348,
        "price": "0.00362500",
        "qty": "0.11500000",
        "quoteQty": "0.00041687",
        "time": 1629983763236,
        "isBuyerMaker": false,
        "isBestMatch": true
    },
    {
        "id": 68665349,
        "price": "0.00362500",
        "qty": "0.79600000",
        "quoteQty": "0.00288550",
        "time": 1629983763392,
        "isBuyerMaker": false,
        "isBestMatch": true
    },
    {
        "id": 68665350,
        "price": "0.00362500",
        "qty": "1.00200000",
        "quoteQty": "0.00363225",
        "time": 1629983763392,
        "isBuyerMaker": false,
        "isBestMatch": true
    },
    {
        "id": 68665351,
        "price": "0.00362500",
        "qty": "1.00000000",
        "quoteQty": "0.00362500",
        "time": 1629983763437,
        "isBuyerMaker": false,
        "isBestMatch": true
    },
    {
        "id": 68665352,
        "price": "0.00362500",
        "qty": "0.29000000",
        "quoteQty": "0.00105125",
        "time": 1629983770220,
        "isBuyerMaker": true,
        "isBestMatch": true
    },
    {
        "id": 68665353,
        "price": "0.00362600",
        "qty": "4.07200000",
        "quoteQty": "0.01476507",
        "time": 1629983770381,
        "isBuyerMaker": false,
        "isBestMatch": true
    },
    {
        "id": 68665354,
        "price": "0.00362700",
        "qty": "3.01600000",
        "quoteQty": "0.01093903",
        "time": 1629983770390,
        "isBuyerMaker": false,
        "isBestMatch": true
    },
    {
        "id": 68665355,
        "price": "0.00362800",
        "qty": "0.06000000",
        "quoteQty": "0.00021768",
        "time": 1629983770402,
        "isBuyerMaker": false,
        "isBestMatch": true
    },
    {
        "id": 68665356,
        "price": "0.00362900",
        "qty": "0.05000000",
        "quoteQty": "0.00018145",
        "time": 1629983771806,
        "isBuyerMaker": false,
        "isBestMatch": true
    },
    {
        "id": 68665357,
        "price": "0.00362800",
        "qty": "4.04600000",
        "quoteQty": "0.01467888",
        "time": 1629983775856,
        "isBuyerMaker": false,
        "isBestMatch": true
    },
    {
        "id": 68665358,
        "price": "0.00362900",
        "qty": "0.01000000",
        "quoteQty": "0.00003629",
        "time": 1629983776126,
        "isBuyerMaker": false,
        "isBestMatch": true
    },
    {
        "id": 68665359,
        "price": "0.00362900",
        "qty": "2.98700000",
        "quoteQty": "0.01083982",
        "time": 1629983776126,
        "isBuyerMaker": false,
        "isBestMatch": true
    },
    {
        "id": 68665360,
        "price": "0.00363000",
        "qty": "0.10000000",
        "quoteQty": "0.00036300",
        "time": 1629983786571,
        "isBuyerMaker": false,
        "isBestMatch": true
    },
    {
        "id": 68665361,
        "price": "0.00363000",
        "qty": "1.94600000",
        "quoteQty": "0.00706398",
        "time": 1629983786571,
        "isBuyerMaker": false,
        "isBestMatch": true
    },
    {
        "id": 68665362,
        "price": "0.00363000",
        "qty": "2.25500000",
        "quoteQty": "0.00818565",
        "time": 1629983787394,
        "isBuyerMaker": false,
        "isBestMatch": true
    },
    {
        "id": 68665363,
        "price": "0.00363000",
        "qty": "3.00600000",
        "quoteQty": "0.01091178",
        "time": 1629983795176,
        "isBuyerMaker": true,
        "isBestMatch": true
    },
    {
        "id": 68665364,
        "price": "0.00363100",
        "qty": "2.00000000",
        "quoteQty": "0.00726200",
        "time": 1629983795441,
        "isBuyerMaker": false,
        "isBestMatch": true
    },
    {
        "id": 68665365,
        "price": "0.00363100",
        "qty": "2.90400000",
        "quoteQty": "0.01054442",
        "time": 1629983795441,
        "isBuyerMaker": false,
        "isBestMatch": true
    },
    {
        "id": 68665366,
        "price": "0.00363200",
        "qty": "4.20200000",
        "quoteQty": "0.01526166",
        "time": 1629983798034,
        "isBuyerMaker": false,
        "isBestMatch": true
    },
    {
        "id": 68665367,
        "price": "0.00363200",
        "qty": "0.81900000",
        "quoteQty": "0.00297460",
        "time": 1629983807349,
        "isBuyerMaker": false,
        "isBestMatch": true
    },
    {
        "id": 68665368,
        "price": "0.00362900",
        "qty": "2.94400000",
        "quoteQty": "0.01068377",
        "time": 1629983817860,
        "isBuyerMaker": true,
        "isBestMatch": true
    },
    {
        "id": 68665369,
        "price": "0.00363300",
        "qty": "0.03000000",
        "quoteQty": "0.00010899",
        "time": 1629983820449,
        "isBuyerMaker": false,
        "isBestMatch": true
    },
    {
        "id": 68665370,
        "price": "0.00363100",
        "qty": "0.66700000",
        "quoteQty": "0.00242187",
        "time": 1629983821227,
        "isBuyerMaker": true,
        "isBestMatch": true
    },
    {
        "id": 68665371,
        "price": "0.00363100",
        "qty": "4.07800000",
        "quoteQty": "0.01480721",
        "time": 1629983824314,
        "isBuyerMaker": true,
        "isBestMatch": true
    },
    {
        "id": 68665372,
        "price": "0.00363100",
        "qty": "3.93200000",
        "quoteQty": "0.01427709",
        "time": 1629983827907,
        "isBuyerMaker": true,
        "isBestMatch": true
    },
    {
        "id": 68665373,
        "price": "0.00363000",
        "qty": "0.33000000",
        "quoteQty": "0.00119790",
        "time": 1629983844741,
        "isBuyerMaker": true,
        "isBestMatch": true
    },
    {
        "id": 68665374,
        "price": "0.00363200",
        "qty": "0.02800000",
        "quoteQty": "0.00010169",
        "time": 1629983845071,
        "isBuyerMaker": false,
        "isBestMatch": true
    },
    {
        "id": 68665375,
        "price": "0.00363100",
        "qty": "0.03500000",
        "quoteQty": "0.00012708",
        "time": 1629983857537,
        "isBuyerMaker": true,
        "isBestMatch": true
    },
    {
        "id": 68665376,
        "price": "0.00363000",
        "qty": "0.93900000",
        "quoteQty": "0.00340857",
        "time": 1629983857537,
        "isBuyerMaker": true,
        "isBestMatch": true
    },
    {
        "id": 68665377,
        "price": "0.00363200",
        "qty": "0.12000000",
        "quoteQty": "0.00043584",
        "time": 1629983869928,
        "isBuyerMaker": false,
        "isBestMatch": true
    },
    {
        "id": 68665378,
        "price": "0.00363000",
        "qty": "0.17900000",
        "quoteQty": "0.00064977",
        "time": 1629983885280,
        "isBuyerMaker": true,
        "isBestMatch": true
    },
    {
        "id": 68665379,
        "price": "0.00363000",
        "qty": "2.60800000",
        "quoteQty": "0.00946704",
        "time": 1629983890082,
        "isBuyerMaker": true,
        "isBestMatch": true
    },
    {
        "id": 68665380,
        "price": "0.00363000",
        "qty": "1.62400000",
        "quoteQty": "0.00589512",
        "time": 1629983898031,
        "isBuyerMaker": true,
        "isBestMatch": true
    },
    {
        "id": 68665381,
        "price": "0.00363000",
        "qty": "1.98400000",
        "quoteQty": "0.00720192",
        "time": 1629983899069,
        "isBuyerMaker": true,
        "isBestMatch": true
    },
    {
        "id": 68665382,
        "price": "0.00363000",
        "qty": "23.59000000",
        "quoteQty": "0.08563170",
        "time": 1629983903915,
        "isBuyerMaker": true,
        "isBestMatch": true
    },
    {
        "id": 68665383,
        "price": "0.00363000",
        "qty": "0.59000000",
        "quoteQty": "0.00214170",
        "time": 1629983914262,
        "isBuyerMaker": true,
        "isBestMatch": true
    },
    {
        "id": 68665384,
        "price": "0.00363100",
        "qty": "6.99800000",
        "quoteQty": "0.02540973",
        "time": 1629983916672,
        "isBuyerMaker": true,
        "isBestMatch": true
    },
    {
        "id": 68665385,
        "price": "0.00363200",
        "qty": "8.33700000",
        "quoteQty": "0.03027998",
        "time": 1629983917574,
        "isBuyerMaker": false,
        "isBestMatch": true
    },
    {
        "id": 68665386,
        "price": "0.00363000",
        "qty": "1.00000000",
        "quoteQty": "0.00363000",
        "time": 1629983924822,
        "isBuyerMaker": true,
        "isBestMatch": true
    },
    {
        "id": 68665387,
        "price": "0.00363000",
        "qty": "2.94000000",
        "quoteQty": "0.01067220",
        "time": 1629983935181,
        "isBuyerMaker": true,
        "isBestMatch": true
    },
    {
        "id": 68665388,
        "price": "0.00363300",
        "qty": "0.21400000",
        "quoteQty": "0.00077746",
        "time": 1629983949949,
        "isBuyerMaker": false,
        "isBestMatch": true
    },
    {
        "id": 68665389,
        "price": "0.00363100",
        "qty": "0.03200000",
        "quoteQty": "0.00011619",
        "time": 1629983955071,
        "isBuyerMaker": true,
        "isBestMatch": true
    },
    {
        "id": 68665390,
        "price": "0.00363000",
        "qty": "0.03600000",
        "quoteQty": "0.00013068",
        "time": 1629983955269,
        "isBuyerMaker": true,
        "isBestMatch": true
    },
    {
        "id": 68665391,
        "price": "0.00363200",
        "qty": "0.23700000",
        "quoteQty": "0.00086078",
        "time": 1629983956896,
        "isBuyerMaker": false,
        "isBestMatch": true
    },
    {
        "id": 68665392,
        "price": "0.00363200",
        "qty": "0.24000000",
        "quoteQty": "0.00087168",
        "time": 1629983957148,
        "isBuyerMaker": false,
        "isBestMatch": true
    },
    {
        "id": 68665393,
        "price": "0.00363100",
        "qty": "0.35100000",
        "quoteQty": "0.00127448",
        "time": 1629983970813,
        "isBuyerMaker": true,
        "isBestMatch": true
    },
    {
        "id": 68665394,
        "price": "0.00363300",
        "qty": "0.04500000",
        "quoteQty": "0.00016348",
        "time": 1629983974254,
        "isBuyerMaker": false,
        "isBestMatch": true
    },
    {
        "id": 68665395,
        "price": "0.00363300",
        "qty": "2.64600000",
        "quoteQty": "0.00961291",
        "time": 1629983974773,
        "isBuyerMaker": false,
        "isBestMatch": true
    },
    {
        "id": 68665396,
        "price": "0.00363300",
        "qty": "0.21400000",
        "quoteQty": "0.00077746",
        "time": 1629983974773,
        "isBuyerMaker": false,
        "isBestMatch": true
    },
    {
        "id": 68665397,
        "price": "0.00363300",
        "qty": "0.29100000",
        "quoteQty": "0.00105720",
        "time": 1629983975702,
        "isBuyerMaker": true,
        "isBestMatch": true
    },
    {
        "id": 68665398,
        "price": "0.00363300",
        "qty": "0.06100000",
        "quoteQty": "0.00022161",
        "time": 1629983977390,
        "isBuyerMaker": true,
        "isBestMatch": true
    },
    {
        "id": 68665399,
        "price": "0.00363400",
        "qty": "0.06000000",
        "quoteQty": "0.00021804",
        "time": 1629983981630,
        "isBuyerMaker": false,
        "isBestMatch": true
    },
    {
        "id": 68665400,
        "price": "0.00363400",
        "qty": "3.76900000",
        "quoteQty": "0.01369654",
        "time": 1629983981630,
        "isBuyerMaker": false,
        "isBestMatch": true
    },
    {
        "id": 68665401,
        "price": "0.00363500",
        "qty": "3.26100000",
        "quoteQty": "0.01185373",
        "time": 1629983981942,
        "isBuyerMaker": false,
        "isBestMatch": true
    },
    {
        "id": 68665402,
        "price": "0.00363600",
        "qty": "1.03000000",
        "quoteQty": "0.00374508",
        "time": 1629983982360,
        "isBuyerMaker": false,
        "isBestMatch": true
    },
    {
        "id": 68665403,
        "price": "0.00363600",
        "qty": "1.01200000",
        "quoteQty": "0.00367963",
        "time": 1629983982360,
        "isBuyerMaker": false,
        "isBestMatch": true
    },
    {
        "id": 68665404,
        "price": "0.00363600",
        "qty": "0.04000000",
        "quoteQty": "0.00014544",
        "time": 1629983982360,
        "isBuyerMaker": false,
        "isBestMatch": true
    },
    {
        "id": 68665405,
        "price": "0.00363600",
        "qty": "0.28000000",
        "quoteQty": "0.00101808",
        "time": 1629983982360,
        "isBuyerMaker": false,
        "isBestMatch": true
    },
    {
        "id": 68665406,
        "price": "0.00363600",
        "qty": "1.23600000",
        "quoteQty": "0.00449409",
        "time": 1629983982360,
        "isBuyerMaker": false,
        "isBestMatch": true
    },
    {
        "id": 68665407,
        "price": "0.00363600",
        "qty": "1.07300000",
        "quoteQty": "0.00390142",
        "time": 1629983982385,
        "isBuyerMaker": false,
        "isBestMatch": true
    },
    {
        "id": 68665408,
        "price": "0.00363600",
        "qty": "1.08000000",
        "quoteQty": "0.00392688",
        "time": 1629983982555,
        "isBuyerMaker": false,
        "isBestMatch": true
    },
    {
        "id": 68665409,
        "price": "0.00363400",
        "qty": "17.07200000",
        "quoteQty": "0.06203964",
        "time": 1629984006686,
        "isBuyerMaker": false,
        "isBestMatch": true
    },
    {
        "id": 68665410,
        "price": "0.00363100",
        "qty": "0.94700000",
        "quoteQty": "0.00343855",
        "time": 1629984017842,
        "isBuyerMaker": true,
        "isBestMatch": true
    },
    {
        "id": 68665411,
        "price": "0.00363300",
        "qty": "0.55200000",
        "quoteQty": "0.00200541",
        "time": 1629984020137,
        "isBuyerMaker": false,
        "isBestMatch": true
    },
    {
        "id": 68665412,
        "price": "0.00363200",
        "qty": "1.73000000",
        "quoteQty": "0.00628336",
        "time": 1629984040092,
        "isBuyerMaker": false,
        "isBestMatch": true
    },
    {
        "id": 68665413,
        "price": "0.00363200",
        "qty": "3.60700000",
        "quoteQty": "0.01310062",
        "time": 1629984040110,
        "isBuyerMaker": false,
        "isBestMatch": true
    },
    {
        "id": 68665414,
        "price": "0.00363200",
        "qty": "2.99500000",
        "quoteQty": "0.01087784",
        "time": 1629984040110,
        "isBuyerMaker": false,
        "isBestMatch": true
    },
    {
        "id": 68665415,
        "price": "0.00363200",
        "qty": "13.07800000",
        "quoteQty": "0.04749929",
        "time": 1629984040141,
        "isBuyerMaker": false,
        "isBestMatch": true
    },
    {
        "id": 68665416,
        "price": "0.00363200",
        "qty": "4.42700000",
        "quoteQty": "0.01607886",
        "time": 1629984040186,
        "isBuyerMaker": false,
        "isBestMatch": true
    },
    {
        "id": 68665417,
        "price": "0.00363200",
        "qty": "0.16300000",
        "quoteQty": "0.00059201",
        "time": 1629984040840,
        "isBuyerMaker": false,
        "isBestMatch": true
    },
    {
        "id": 68665418,
        "price": "0.00363000",
        "qty": "2.93200000",
        "quoteQty": "0.01064316",
        "time": 1629984057581,
        "isBuyerMaker": true,
        "isBestMatch": true
    },
    {
        "id": 68665419,
        "price": "0.00363200",
        "qty": "0.67000000",
        "quoteQty": "0.00243344",
        "time": 1629984063017,
        "isBuyerMaker": false,
        "isBestMatch": true
    },
    {
        "id": 68665420,
        "price": "0.00363000",
        "qty": "4.99800000",
        "quoteQty": "0.01814274",
        "time": 1629984074825,
        "isBuyerMaker": true,
        "isBestMatch": true
    },
    {
        "id": 68665421,
        "price": "0.00363000",
        "qty": "0.70300000",
        "quoteQty": "0.00255189",
        "time": 1629984081895,
        "isBuyerMaker": true,
        "isBestMatch": true
    },
    {
        "id": 68665422,
        "price": "0.00363300",
        "qty": "0.27500000",
        "quoteQty": "0.00099907",
        "time": 1629984090149,
        "isBuyerMaker": false,
        "isBestMatch": true
    },
    {
        "id": 68665423,
        "price": "0.00363200",
        "qty": "0.40900000",
        "quoteQty": "0.00148548",
        "time": 1629984094506,
        "isBuyerMaker": false,
        "isBestMatch": true
    },
    {
        "id": 68665424,
        "price": "0.00363000",
        "qty": "0.30500000",
        "quoteQty": "0.00110715",
        "time": 1629984107130,
        "isBuyerMaker": true,
        "isBestMatch": true
    },
    {
        "id": 68665425,
        "price": "0.00362900",
        "qty": "6.24300000",
        "quoteQty": "0.02265584",
        "time": 1629984107130,
        "isBuyerMaker": true,
        "isBestMatch": true
    },
    {
        "id": 68665426,
        "price": "0.00362900",
        "qty": "3.65400000",
        "quoteQty": "0.01326036",
        "time": 1629984107130,
        "isBuyerMaker": true,
        "isBestMatch": true
    },
    {
        "id": 68665427,
        "price": "0.00363000",
        "qty": "0.14000000",
        "quoteQty": "0.00050820",
        "time": 1629984113554,
        "isBuyerMaker": false,
        "isBestMatch": true
    },
    {
        "id": 68665428,
        "price": "0.00363000",
        "qty": "0.11700000",
        "quoteQty": "0.00042471",
        "time": 1629984116371,
        "isBuyerMaker": false,
        "isBestMatch": true
    },
    {
        "id": 68665429,
        "price": "0.00363100",
        "qty": "0.47500000",
        "quoteQty": "0.00172472",
        "time": 1629984116371,
        "isBuyerMaker": false,
        "isBestMatch": true
    },
    {
        "id": 68665430,
        "price": "0.00363100",
        "qty": "0.03100000",
        "quoteQty": "0.00011256",
        "time": 1629984124466,
        "isBuyerMaker": false,
        "isBestMatch": true
    },
    {
        "id": 68665431,
        "price": "0.00362800",
        "qty": "0.30500000",
        "quoteQty": "0.00110654",
        "time": 1629984126246,
        "isBuyerMaker": true,
        "isBestMatch": true
    },
    {
        "id": 68665432,
        "price": "0.00362800",
        "qty": "0.30500000",
        "quoteQty": "0.00110654",
        "time": 1629984126246,
        "isBuyerMaker": true,
        "isBestMatch": true
    },
    {
        "id": 68665433,
        "price": "0.00362800",
        "qty": "3.82000000",
        "quoteQty": "0.01385896",
        "time": 1629984126246,
        "isBuyerMaker": true,
        "isBestMatch": true
    },
    {
        "id": 68665434,
        "price": "0.00362800",
        "qty": "2.29700000",
        "quoteQty": "0.00833351",
        "time": 1629984132675,
        "isBuyerMaker": true,
        "isBestMatch": true
    },
    {
        "id": 68665435,
        "price": "0.00362800",
        "qty": "2.29700000",
        "quoteQty": "0.00833351",
        "time": 1629984133683,
        "isBuyerMaker": false,
        "isBestMatch": true
    },
    {
        "id": 68665436,
        "price": "0.00362700",
        "qty": "0.03700000",
        "quoteQty": "0.00013419",
        "time": 1629984136164,
        "isBuyerMaker": true,
        "isBestMatch": true
    },
    {
        "id": 68665437,
        "price": "0.00362700",
        "qty": "5.37300000",
        "quoteQty": "0.01948787",
        "time": 1629984145002,
        "isBuyerMaker": true,
        "isBestMatch": true
    },
    {
        "id": 68665438,
        "price": "0.00362900",
        "qty": "0.05800000",
        "quoteQty": "0.00021048",
        "time": 1629984149201,
        "isBuyerMaker": false,
        "isBestMatch": true
    },
    {
        "id": 68665439,
        "price": "0.00362800",
        "qty": "0.52200000",
        "quoteQty": "0.00189381",
        "time": 1629984158825,
        "isBuyerMaker": false,
        "isBestMatch": true
    },
    {
        "id": 68665440,
        "price": "0.00362800",
        "qty": "2.23400000",
        "quoteQty": "0.00810495",
        "time": 1629984158863,
        "isBuyerMaker": true,
        "isBestMatch": true
    },
    {
        "id": 68665441,
        "price": "0.00362900",
        "qty": "0.13200000",
        "quoteQty": "0.00047902",
        "time": 1629984165463,
        "isBuyerMaker": false,
        "isBestMatch": true
    },
    {
        "id": 68665442,
        "price": "0.00362700",
        "qty": "1.21600000",
        "quoteQty": "0.00441043",
        "time": 1629984168210,
        "isBuyerMaker": true,
        "isBestMatch": true
    },
    {
        "id": 68665443,
        "price": "0.00362700",
        "qty": "2.93100000",
        "quoteQty": "0.01063073",
        "time": 1629984172804,
        "isBuyerMaker": true,
        "isBestMatch": true
    },
    {
        "id": 68665444,
        "price": "0.00362900",
        "qty": "0.10800000",
        "quoteQty": "0.00039193",
        "time": 1629984178852,
        "isBuyerMaker": false,
        "isBestMatch": true
    },
    {
        "id": 68665445,
        "price": "0.00362700",
        "qty": "7.02200000",
        "quoteQty": "0.02546879",
        "time": 1629984182250,
        "isBuyerMaker": true,
        "isBestMatch": true
    },
    {
        "id": 68665446,
        "price": "0.00362700",
        "qty": "1.36800000",
        "quoteQty": "0.00496173",
        "time": 1629984194393,
        "isBuyerMaker": true,
        "isBestMatch": true
    },
    {
        "id": 68665447,
        "price": "0.00362600",
        "qty": "1.00200000",
        "quoteQty": "0.00363325",
        "time": 1629984212381,
        "isBuyerMaker": true,
        "isBestMatch": true
    },
    {
        "id": 68665448,
        "price": "0.00362700",
        "qty": "2.08100000",
        "quoteQty": "0.00754778",
        "time": 1629984246786,
        "isBuyerMaker": false,
        "isBestMatch": true
    },
    {
        "id": 68665449,
        "price": "0.00362600",
        "qty": "0.58600000",
        "quoteQty": "0.00212483",
        "time": 1629984247050,
        "isBuyerMaker": true,
        "isBestMatch": true
    },
    {
        "id": 68665450,
        "price": "0.00363000",
        "qty": "0.14600000",
        "quoteQty": "0.00052998",
        "time": 1629984271059,
        "isBuyerMaker": false,
        "isBestMatch": true
    },
    {
        "id": 68665451,
        "price": "0.00362600",
        "qty": "1.66600000",
        "quoteQty": "0.00604091",
        "time": 1629984282220,
        "isBuyerMaker": true,
        "isBestMatch": true
    },
    {
        "id": 68665452,
        "price": "0.00362600",
        "qty": "1.66700000",
        "quoteQty": "0.00604454",
        "time": 1629984284217,
        "isBuyerMaker": true,
        "isBestMatch": true
    },
    {
        "id": 68665453,
        "price": "0.00362600",
        "qty": "0.22700000",
        "quoteQty": "0.00082310",
        "time": 1629984285217,
        "isBuyerMaker": true,
        "isBestMatch": true
    },
    {
        "id": 68665454,
        "price": "0.00362600",
        "qty": "1.44000000",
        "quoteQty": "0.00522144",
        "time": 1629984285217,
        "isBuyerMaker": true,
        "isBestMatch": true
    },
    {
        "id": 68665455,
        "price": "0.00362700",
        "qty": "1.33800000",
        "quoteQty": "0.00485292",
        "time": 1629984293354,
        "isBuyerMaker": true,
        "isBestMatch": true
    },
    {
        "id": 68665456,
        "price": "0.00362600",
        "qty": "1.59100000",
        "quoteQty": "0.00576896",
        "time": 1629984293354,
        "isBuyerMaker": true,
        "isBestMatch": true
    },
    {
        "id": 68665457,
        "price": "0.00362700",
        "qty": "0.09200000",
        "quoteQty": "0.00033368",
        "time": 1629984302736,
        "isBuyerMaker": false,
        "isBestMatch": true
    },
    {
        "id": 68665458,
        "price": "0.00362600",
        "qty": "0.50800000",
        "quoteQty": "0.00184200",
        "time": 1629984303668,
        "isBuyerMaker": true,
        "isBestMatch": true
    },
    {
        "id": 68665459,
        "price": "0.00362700",
        "qty": "11.00000000",
        "quoteQty": "0.03989700",
        "time": 1629984317012,
        "isBuyerMaker": false,
        "isBestMatch": true
    },
    {
        "id": 68665460,
        "price": "0.00362800",
        "qty": "5.70000000",
        "quoteQty": "0.02067960",
        "time": 1629984317012,
        "isBuyerMaker": false,
        "isBestMatch": true
    },
    {
        "id": 68665461,
        "price": "0.00362800",
        "qty": "3.85400000",
        "quoteQty": "0.01398231",
        "time": 1629984317012,
        "isBuyerMaker": false,
        "isBestMatch": true
    },
    {
        "id": 68665462,
        "price": "0.00362800",
        "qty": "1.84200000",
        "quoteQty": "0.00668277",
        "time": 1629984317012,
        "isBuyerMaker": false,
        "isBestMatch": true
    },
    {
        "id": 68665463,
        "price": "0.00362800",
        "qty": "21.16100000",
        "quoteQty": "0.07677210",
        "time": 1629984317012,
        "isBuyerMaker": false,
        "isBestMatch": true
    },
    {
        "id": 68665464,
        "price": "0.00362800",
        "qty": "25.88400000",
        "quoteQty": "0.09390715",
        "time": 1629984317012,
        "isBuyerMaker": false,
        "isBestMatch": true
    },
    {
        "id": 68665465,
        "price": "0.00362800",
        "qty": "4.15200000",
        "quoteQty": "0.01506345",
        "time": 1629984317012,
        "isBuyerMaker": false,
        "isBestMatch": true
    },
    {
        "id": 68665466,
        "price": "0.00362500",
        "qty": "0.04600000",
        "quoteQty": "0.00016675",
        "time": 1629984320685,
        "isBuyerMaker": true,
        "isBestMatch": true
    },
    {
        "id": 68665467,
        "price": "0.00362500",
        "qty": "0.05400000",
        "quoteQty": "0.00019575",
        "time": 1629984320685,
        "isBuyerMaker": true,
        "isBestMatch": true
    },
    {
        "id": 68665468,
        "price": "0.00362600",
        "qty": "0.22200000",
        "quoteQty": "0.00080497",
        "time": 1629984351941,
        "isBuyerMaker": false,
        "isBestMatch": true
    },
    {
        "id": 68665469,
        "price": "0.00362600",
        "qty": "0.50600000",
        "quoteQty": "0.00183475",
        "time": 1629984372038,
        "isBuyerMaker": false,
        "isBestMatch": true
    },
    {
        "id": 68665470,
        "price": "0.00362600",
        "qty": "0.50000000",
        "quoteQty": "0.00181300",
        "time": 1629984377375,
        "isBuyerMaker": false,
        "isBestMatch": true
    },
    {
        "id": 68665471,
        "price": "0.00362600",
        "qty": "1.50000000",
        "quoteQty": "0.00543900",
        "time": 1629984381130,
        "isBuyerMaker": false,
        "isBestMatch": true
    },
    {
        "id": 68665472,
        "price": "0.00362600",
        "qty": "0.03300000",
        "quoteQty": "0.00011965",
        "time": 1629984392665,
        "isBuyerMaker": false,
        "isBestMatch": true
    },
    {
        "id": 68665473,
        "price": "0.00362600",
        "qty": "0.23000000",
        "quoteQty": "0.00083398",
        "time": 1629984398426,
        "isBuyerMaker": false,
        "isBestMatch": true
    },
    {
        "id": 68665474,
        "price": "0.00362600",
        "qty": "3.60800000",
        "quoteQty": "0.01308260",
        "time": 1629984398518,
        "isBuyerMaker": false,
        "isBestMatch": true
    },
    {
        "id": 68665475,
        "price": "0.00362600",
        "qty": "0.19000000",
        "quoteQty": "0.00068894",
        "time": 1629984400770,
        "isBuyerMaker": false,
        "isBestMatch": true
    },
    {
        "id": 68665476,
        "price": "0.00362500",
        "qty": "0.04600000",
        "quoteQty": "0.00016675",
        "time": 1629984408608,
        "isBuyerMaker": true,
        "isBestMatch": true
    },
    {
        "id": 68665477,
        "price": "0.00362500",
        "qty": "0.04600000",
        "quoteQty": "0.00016675",
        "time": 1629984414674,
        "isBuyerMaker": true,
        "isBestMatch": true
    },
    {
        "id": 68665478,
        "price": "0.00362300",
        "qty": "0.99600000",
        "quoteQty": "0.00360850",
        "time": 1629984414674,
        "isBuyerMaker": true,
        "isBestMatch": true
    },
    {
        "id": 68665479,
        "price": "0.00362600",
        "qty": "3.90000000",
        "quoteQty": "0.01414140",
        "time": 1629984419150,
        "isBuyerMaker": false,
        "isBestMatch": true
    },
    {
        "id": 68665480,
        "price": "0.00362600",
        "qty": "1.95600000",
        "quoteQty": "0.00709245",
        "time": 1629984421117,
        "isBuyerMaker": false,
        "isBestMatch": true
    },
    {
        "id": 68665481,
        "price": "0.00362600",
        "qty": "12.57500000",
        "quoteQty": "0.04559695",
        "time": 1629984421121,
        "isBuyerMaker": false,
        "isBestMatch": true
    },
    {
        "id": 68665482,
        "price": "0.00362800",
        "qty": "1.90500000",
        "quoteQty": "0.00691134",
        "time": 1629984422873,
        "isBuyerMaker": false,
        "isBestMatch": true
    },
    {
        "id": 68665483,
        "price": "0.00362800",
        "qty": "0.03100000",
        "quoteQty": "0.00011246",
        "time": 1629984453032,
        "isBuyerMaker": false,
        "isBestMatch": true
    },
    {
        "id": 68665484,
        "price": "0.00362800",
        "qty": "3.55400000",
        "quoteQty": "0.01289391",
        "time": 1629984459547,
        "isBuyerMaker": false,
        "isBestMatch": true
    },
    {
        "id": 68665485,
        "price": "0.00362900",
        "qty": "0.51400000",
        "quoteQty": "0.00186530",
        "time": 1629984461674,
        "isBuyerMaker": true,
        "isBestMatch": true
    },
    {
        "id": 68665486,
        "price": "0.00363000",
        "qty": "2.42000000",
        "quoteQty": "0.00878460",
        "time": 1629984463812,
        "isBuyerMaker": false,
        "isBestMatch": true
    },
    {
        "id": 68665487,
        "price": "0.00362800",
        "qty": "1.97600000",
        "quoteQty": "0.00716892",
        "time": 1629984493154,
        "isBuyerMaker": true,
        "isBestMatch": true
    },
    {
        "id": 68665488,
        "price": "0.00362700",
        "qty": "3.33300000",
        "quoteQty": "0.01208879",
        "time": 1629984493199,
        "isBuyerMaker": true,
        "isBestMatch": true
    },
    {
        "id": 68665489,
        "price": "0.00362800",
        "qty": "0.41200000",
        "quoteQty": "0.00149473",
        "time": 1629984497938,
        "isBuyerMaker": false,
        "isBestMatch": true
    },
    {
        "id": 68665490,
        "price": "0.00362500",
        "qty": "0.03400000",
        "quoteQty": "0.00012325",
        "time": 1629984512622,
        "isBuyerMaker": true,
        "isBestMatch": true
    },
    {
        "id": 68665491,
        "price": "0.00362600",
        "qty": "0.12200000",
        "quoteQty": "0.00044237",
        "time": 1629984524820,
        "isBuyerMaker": false,
        "isBestMatch": true
    },
    {
        "id": 68665492,
        "price": "0.00362700",
        "qty": "3.77800000",
        "quoteQty": "0.01370280",
        "time": 1629984554854,
        "isBuyerMaker": false,
        "isBestMatch": true
    },
    {
        "id": 68665493,
        "price": "0.00362700",
        "qty": "8.45300000",
        "quoteQty": "0.03065903",
        "time": 1629984554857,
        "isBuyerMaker": false,
        "isBestMatch": true
    },
    {
        "id": 68665494,
        "price": "0.00362700",
        "qty": "1.76900000",
        "quoteQty": "0.00641616",
        "time": 1629984554857,
        "isBuyerMaker": false,
        "isBestMatch": true
    },
    {
        "id": 68665495,
        "price": "0.00362700",
        "qty": "7.79400000",
        "quoteQty": "0.02826883",
        "time": 1629984554857,
        "isBuyerMaker": false,
        "isBestMatch": true
    },
    {
        "id": 68665496,
        "price": "0.00362700",
        "qty": "3.20600000",
        "quoteQty": "0.01162816",
        "time": 1629984554858,
        "isBuyerMaker": false,
        "isBestMatch": true
    },
    {
        "id": 68665497,
        "price": "0.00362700",
        "qty": "14.63900000",
        "quoteQty": "0.05309565",
        "time": 1629984554858,
        "isBuyerMaker": false,
        "isBestMatch": true
    },
    {
        "id": 68665498,
        "price": "0.00362700",
        "qty": "10.81600000",
        "quoteQty": "0.03922963",
        "time": 1629984554858,
        "isBuyerMaker": false,
        "isBestMatch": true
    },
    {
        "id": 68665499,
        "price": "0.00362700",
        "qty": "14.40300000",
        "quoteQty": "0.05223968",
        "time": 1629984554858,
        "isBuyerMaker": false,
        "isBestMatch": true
    },
    {
        "id": 68665500,
        "price": "0.00362700",
        "qty": "6.57400000",
        "quoteQty": "0.02384389",
        "time": 1629984554858,
        "isBuyerMaker": false,
        "isBestMatch": true
    },
    {
        "id": 68665501,
        "price": "0.00362700",
        "qty": "8.41000000",
        "quoteQty": "0.03050307",
        "time": 1629984554859,
        "isBuyerMaker": false,
        "isBestMatch": true
    },
    {
        "id": 68665502,
        "price": "0.00362700",
        "qty": "7.30000000",
        "quoteQty": "0.02647710",
        "time": 1629984554860,
        "isBuyerMaker": false,
        "isBestMatch": true
    },
    {
        "id": 68665503,
        "price": "0.00362700",
        "qty": "5.61000000",
        "quoteQty": "0.02034747",
        "time": 1629984554860,
        "isBuyerMaker": false,
        "isBestMatch": true
    },
    {
        "id": 68665504,
        "price": "0.00362800",
        "qty": "6.02600000",
        "quoteQty": "0.02186232",
        "time": 1629984554866,
        "isBuyerMaker": false,
        "isBestMatch": true
    },
    {
        "id": 68665505,
        "price": "0.00362800",
        "qty": "1.27400000",
        "quoteQty": "0.00462207",
        "time": 1629984554866,
        "isBuyerMaker": false,
        "isBestMatch": true
    },
    {
        "id": 68665506,
        "price": "0.00362700",
        "qty": "7.09200000",
        "quoteQty": "0.02572268",
        "time": 1629984554867,
        "isBuyerMaker": false,
        "isBestMatch": true
    },
    {
        "id": 68665507,
        "price": "0.00362700",
        "qty": "1.37800000",
        "quoteQty": "0.00499800",
        "time": 1629984554867,
        "isBuyerMaker": false,
        "isBestMatch": true
    },
    {
        "id": 68665508,
        "price": "0.00362800",
        "qty": "2.00800000",
        "quoteQty": "0.00728502",
        "time": 1629984554867,
        "isBuyerMaker": false,
        "isBestMatch": true
    },
    {
        "id": 68665509,
        "price": "0.00362800",
        "qty": "2.30000000",
        "quoteQty": "0.00834440",
        "time": 1629984554867,
        "isBuyerMaker": false,
        "isBestMatch": true
    },
    {
        "id": 68665510,
        "price": "0.00362800",
        "qty": "5.69300000",
        "quoteQty": "0.02065420",
        "time": 1629984554867,
        "isBuyerMaker": false,
        "isBestMatch": true
    },
    {
        "id": 68665511,
        "price": "0.00362800",
        "qty": "8.95200000",
        "quoteQty": "0.03247785",
        "time": 1629984554867,
        "isBuyerMaker": false,
        "isBestMatch": true
    },
    {
        "id": 68665512,
        "price": "0.00362800",
        "qty": "1.33200000",
        "quoteQty": "0.00483249",
        "time": 1629984554867,
        "isBuyerMaker": false,
        "isBestMatch": true
    },
    {
        "id": 68665513,
        "price": "0.00362800",
        "qty": "8.25600000",
        "quoteQty": "0.02995276",
        "time": 1629984554868,
        "isBuyerMaker": false,
        "isBestMatch": true
    },
    {
        "id": 68665514,
        "price": "0.00362800",
        "qty": "2.47600000",
        "quoteQty": "0.00898292",
        "time": 1629984554869,
        "isBuyerMaker": false,
        "isBestMatch": true
    },
    {
        "id": 68665515,
        "price": "0.00362800",
        "qty": "33.01200000",
        "quoteQty": "0.11976753",
        "time": 1629984554870,
        "isBuyerMaker": false,
        "isBestMatch": true
    },
    {
        "id": 68665516,
        "price": "0.00362700",
        "qty": "7.30000000",
        "quoteQty": "0.02647710",
        "time": 1629984554875,
        "isBuyerMaker": false,
        "isBestMatch": true
    },
    {
        "id": 68665517,
        "price": "0.00362700",
        "qty": "6.80000000",
        "quoteQty": "0.02466360",
        "time": 1629984554877,
        "isBuyerMaker": false,
        "isBestMatch": true
    },
    {
        "id": 68665518,
        "price": "0.00362800",
        "qty": "3.46900000",
        "quoteQty": "0.01258553",
        "time": 1629984554877,
        "isBuyerMaker": false,
        "isBestMatch": true
    },
    {
        "id": 68665519,
        "price": "0.00362800",
        "qty": "7.09200000",
        "quoteQty": "0.02572977",
        "time": 1629984554879,
        "isBuyerMaker": false,
        "isBestMatch": true
    },
    {
        "id": 68665520,
        "price": "0.00362800",
        "qty": "11.41200000",
        "quoteQty": "0.04140273",
        "time": 1629984554885,
        "isBuyerMaker": false,
        "isBestMatch": true
    },
    {
        "id": 68665521,
        "price": "0.00362700",
        "qty": "2.94400000",
        "quoteQty": "0.01067788",
        "time": 1629984554897,
        "isBuyerMaker": false,
        "isBestMatch": true
    },
    {
        "id": 68665522,
        "price": "0.00362700",
        "qty": "0.12100000",
        "quoteQty": "0.00043886",
        "time": 1629984554901,
        "isBuyerMaker": false,
        "isBestMatch": true
    },
    {
        "id": 68665523,
        "price": "0.00362700",
        "qty": "11.13500000",
        "quoteQty": "0.04038664",
        "time": 1629984554904,
        "isBuyerMaker": false,
        "isBestMatch": true
    },
    {
        "id": 68665524,
        "price": "0.00362900",
        "qty": "27.60000000",
        "quoteQty": "0.10016040",
        "time": 1629984554977,
        "isBuyerMaker": false,
        "isBestMatch": true
    },
    {
        "id": 68665525,
        "price": "0.00363100",
        "qty": "8.71100000",
        "quoteQty": "0.03162964",
        "time": 1629984555304,
        "isBuyerMaker": false,
        "isBestMatch": true
    },
    {
        "id": 68665526,
        "price": "0.00363000",
        "qty": "0.57000000",
        "quoteQty": "0.00206910",
        "time": 1629984555795,
        "isBuyerMaker": true,
        "isBestMatch": true
    },
    {
        "id": 68665527,
        "price": "0.00363100",
        "qty": "17.56900000",
        "quoteQty": "0.06379303",
        "time": 1629984556509,
        "isBuyerMaker": true,
        "isBestMatch": true
    },
    {
        "id": 68665528,
        "price": "0.00363100",
        "qty": "3.90000000",
        "quoteQty": "0.01416090",
        "time": 1629984556509,
        "isBuyerMaker": true,
        "isBestMatch": true
    },
    {
        "id": 68665529,
        "price": "0.00363100",
        "qty": "11.00000000",
        "quoteQty": "0.03994100",
        "time": 1629984556509,
        "isBuyerMaker": true,
        "isBestMatch": true
    },
    {
        "id": 68665530,
        "price": "0.00363100",
        "qty": "0.16500000",
        "quoteQty": "0.00059911",
        "time": 1629984556509,
        "isBuyerMaker": true,
        "isBestMatch": true
    },
    {
        "id": 68665531,
        "price": "0.00363100",
        "qty": "0.33000000",
        "quoteQty": "0.00119823",
        "time": 1629984556509,
        "isBuyerMaker": true,
        "isBestMatch": true
    },
    {
        "id": 68665532,
        "price": "0.00363100",
        "qty": "52.70000000",
        "quoteQty": "0.19135370",
        "time": 1629984556546,
        "isBuyerMaker": true,
        "isBestMatch": true
    },
    {
        "id": 68665533,
        "price": "0.00363200",
        "qty": "1.74200000",
        "quoteQty": "0.00632694",
        "time": 1629984564654,
        "isBuyerMaker": false,
        "isBestMatch": true
    },
    {
        "id": 68665534,
        "price": "0.00363200",
        "qty": "1.74200000",
        "quoteQty": "0.00632694",
        "time": 1629984572834,
        "isBuyerMaker": false,
        "isBestMatch": true
    },
    {
        "id": 68665535,
        "price": "0.00363300",
        "qty": "2.15600000",
        "quoteQty": "0.00783274",
        "time": 1629984583086,
        "isBuyerMaker": false,
        "isBestMatch": true
    },
    {
        "id": 68665536,
        "price": "0.00363300",
        "qty": "2.05000000",
        "quoteQty": "0.00744765",
        "time": 1629984583086,
        "isBuyerMaker": false,
        "isBestMatch": true
    },
    {
        "id": 68665537,
        "price": "0.00363400",
        "qty": "2.90400000",
        "quoteQty": "0.01055313",
        "time": 1629984600138,
        "isBuyerMaker": false,
        "isBestMatch": true
    },
    {
        "id": 68665538,
        "price": "0.00363400",
        "qty": "0.05000000",
        "quoteQty": "0.00018170",
        "time": 1629984611805,
        "isBuyerMaker": true,
        "isBestMatch": true
    },
    {
        "id": 68665539,
        "price": "0.00363400",
        "qty": "0.00100000",
        "quoteQty": "0.00000363",
        "time": 1629984612107,
        "isBuyerMaker": true,
        "isBestMatch": true
    },
    {
        "id": 68665540,
        "price": "0.00363400",
        "qty": "0.19800000",
        "quoteQty": "0.00071953",
        "time": 1629984613520,
        "isBuyerMaker": false,
        "isBestMatch": true
    },
    {
        "id": 68665541,
        "price": "0.00363200",
        "qty": "8.69900000",
        "quoteQty": "0.03159476",
        "time": 1629984614912,
        "isBuyerMaker": true,
        "isBestMatch": true
    },
    {
        "id": 68665542,
        "price": "0.00363200",
        "qty": "11.00000000",
        "quoteQty": "0.03995200",
        "time": 1629984614912,
        "isBuyerMaker": true,
        "isBestMatch": true
    },
    {
        "id": 68665543,
        "price": "0.00363100",
        "qty": "3.12100000",
        "quoteQty": "0.01133235",
        "time": 1629984614920,
        "isBuyerMaker": true,
        "isBestMatch": true
    },
    {
        "id": 68665544,
        "price": "0.00363200",
        "qty": "11.00000000",
        "quoteQty": "0.03995200",
        "time": 1629984614922,
        "isBuyerMaker": true,
        "isBestMatch": true
    },
    {
        "id": 68665545,
        "price": "0.00363100",
        "qty": "0.17900000",
        "quoteQty": "0.00064994",
        "time": 1629984614924,
        "isBuyerMaker": true,
        "isBestMatch": true
    },
    {
        "id": 68665546,
        "price": "0.00363100",
        "qty": "8.52000000",
        "quoteQty": "0.03093612",
        "time": 1629984614924,
        "isBuyerMaker": true,
        "isBestMatch": true
    },
    {
        "id": 68665547,
        "price": "0.00363100",
        "qty": "11.00000000",
        "quoteQty": "0.03994100",
        "time": 1629984614952,
        "isBuyerMaker": true,
        "isBestMatch": true
    },
    {
        "id": 68665548,
        "price": "0.00363000",
        "qty": "7.71100000",
        "quoteQty": "0.02799093",
        "time": 1629984614952,
        "isBuyerMaker": true,
        "isBestMatch": true
    },
    {
        "id": 68665549,
        "price": "0.00363000",
        "qty": "3.59300000",
        "quoteQty": "0.01304259",
        "time": 1629984614954,
        "isBuyerMaker": true,
        "isBestMatch": true
    },
    {
        "id": 68665550,
        "price": "0.00363000",
        "qty": "4.99400000",
        "quoteQty": "0.01812822",
        "time": 1629984614964,
        "isBuyerMaker": true,
        "isBestMatch": true
    },
    {
        "id": 68665551,
        "price": "0.00363000",
        "qty": "2.19300000",
        "quoteQty": "0.00796059",
        "time": 1629984614964,
        "isBuyerMaker": true,
        "isBestMatch": true
    },
    {
        "id": 68665552,
        "price": "0.00363000",
        "qty": "9.34000000",
        "quoteQty": "0.03390420",
        "time": 1629984614973,
        "isBuyerMaker": true,
        "isBestMatch": true
    },
    {
        "id": 68665553,
        "price": "0.00363000",
        "qty": "1.34100000",
        "quoteQty": "0.00486783",
        "time": 1629984615069,
        "isBuyerMaker": true,
        "isBestMatch": true
    },
    {
        "id": 68665554,
        "price": "0.00363000",
        "qty": "0.95800000",
        "quoteQty": "0.00347754",
        "time": 1629984615082,
        "isBuyerMaker": true,
        "isBestMatch": true
    },
    {
        "id": 68665555,
        "price": "0.00362800",
        "qty": "0.40000000",
        "quoteQty": "0.00145120",
        "time": 1629984631648,
        "isBuyerMaker": true,
        "isBestMatch": true
    },
    {
        "id": 68665556,
        "price": "0.00363100",
        "qty": "3.17000000",
        "quoteQty": "0.01151027",
        "time": 1629984646280,
        "isBuyerMaker": false,
        "isBestMatch": true
    },
    {
        "id": 68665557,
        "price": "0.00363100",
        "qty": "1.53000000",
        "quoteQty": "0.00555543",
        "time": 1629984648422,
        "isBuyerMaker": false,
        "isBestMatch": true
    },
    {
        "id": 68665558,
        "price": "0.00362800",
        "qty": "3.28900000",
        "quoteQty": "0.01193249",
        "time": 1629984654303,
        "isBuyerMaker": true,
        "isBestMatch": true
    },
    {
        "id": 68665559,
        "price": "0.00362800",
        "qty": "0.84600000",
        "quoteQty": "0.00306928",
        "time": 1629984654365,
        "isBuyerMaker": true,
        "isBestMatch": true
    },
    {
        "id": 68665560,
        "price": "0.00362800",
        "qty": "0.40000000",
        "quoteQty": "0.00145120",
        "time": 1629984654365,
        "isBuyerMaker": true,
        "isBestMatch": true
    },
    {
        "id": 68665561,
        "price": "0.00362900",
        "qty": "0.32200000",
        "quoteQty": "0.00116853",
        "time": 1629984658692,
        "isBuyerMaker": false,
        "isBestMatch": true
    },
    {
        "id": 68665562,
        "price": "0.00362900",
        "qty": "0.09900000",
        "quoteQty": "0.00035927",
        "time": 1629984660542,
        "isBuyerMaker": false,
        "isBestMatch": true
    },
    {
        "id": 68665563,
        "price": "0.00362900",
        "qty": "1.86400000",
        "quoteQty": "0.00676445",
        "time": 1629984660849,
        "isBuyerMaker": false,
        "isBestMatch": true
    },
    {
        "id": 68665564,
        "price": "0.00362900",
        "qty": "1.22500000",
        "quoteQty": "0.00444552",
        "time": 1629984663056,
        "isBuyerMaker": false,
        "isBestMatch": true
    },
    {
        "id": 68665565,
        "price": "0.00363000",
        "qty": "0.23900000",
        "quoteQty": "0.00086757",
        "time": 1629984676535,
        "isBuyerMaker": false,
        "isBestMatch": true
    },
    {
        "id": 68665566,
        "price": "0.00363000",
        "qty": "0.05500000",
        "quoteQty": "0.00019965",
        "time": 1629984686276,
        "isBuyerMaker": false,
        "isBestMatch": true
    },
    {
        "id": 68665567,
        "price": "0.00363100",
        "qty": "0.35500000",
        "quoteQty": "0.00128900",
        "time": 1629984691887,
        "isBuyerMaker": false,
        "isBestMatch": true
    },
    {
        "id": 68665568,
        "price": "0.00362700",
        "qty": "0.23700000",
        "quoteQty": "0.00085959",
        "time": 1629984697346,
        "isBuyerMaker": true,
        "isBestMatch": true
    },
    {
        "id": 68665569,
        "price": "0.00363000",
        "qty": "1.12800000",
        "quoteQty": "0.00409464",
        "time": 1629984705697,
        "isBuyerMaker": false,
        "isBestMatch": true
    },
    {
        "id": 68665570,
        "price": "0.00362700",
        "qty": "2.13700000",
        "quoteQty": "0.00775089",
        "time": 1629984717046,
        "isBuyerMaker": true,
        "isBestMatch": true
    },
    {
        "id": 68665571,
        "price": "0.00362700",
        "qty": "0.23700000",
        "quoteQty": "0.00085959",
        "time": 1629984717046,
        "isBuyerMaker": true,
        "isBestMatch": true
    },
    {
        "id": 68665572,
        "price": "0.00362600",
        "qty": "0.08800000",
        "quoteQty": "0.00031908",
        "time": 1629984717046,
        "isBuyerMaker": true,
        "isBestMatch": true
    },
    {
        "id": 68665573,
        "price": "0.00362600",
        "qty": "3.79400000",
        "quoteQty": "0.01375704",
        "time": 1629984717046,
        "isBuyerMaker": true,
        "isBestMatch": true
    },
    {
        "id": 68665574,
        "price": "0.00362500",
        "qty": "2.83100000",
        "quoteQty": "0.01026237",
        "time": 1629984717046,
        "isBuyerMaker": true,
        "isBestMatch": true
    },
    {
        "id": 68665575,
        "price": "0.00362500",
        "qty": "55.13700000",
        "quoteQty": "0.19987162",
        "time": 1629984717046,
        "isBuyerMaker": true,
        "isBestMatch": true
    },
    {
        "id": 68665576,
        "price": "0.00362500",
        "qty": "7.84800000",
        "quoteQty": "0.02844900",
        "time": 1629984717046,
        "isBuyerMaker": true,
        "isBestMatch": true
    },
    {
        "id": 68665577,
        "price": "0.00362500",
        "qty": "0.75800000",
        "quoteQty": "0.00274775",
        "time": 1629984717046,
        "isBuyerMaker": true,
        "isBestMatch": true
    },
    {
        "id": 68665578,
        "price": "0.00362800",
        "qty": "1.16700000",
        "quoteQty": "0.00423387",
        "time": 1629984718784,
        "isBuyerMaker": false,
        "isBestMatch": true
    },
    {
        "id": 68665579,
        "price": "0.00362400",
        "qty": "3.37000000",
        "quoteQty": "0.01221288",
        "time": 1629984732054,
        "isBuyerMaker": true,
        "isBestMatch": true
    },
    {
        "id": 68665580,
        "price": "0.00362800",
        "qty": "7.00000000",
        "quoteQty": "0.02539600",
        "time": 1629984750218,
        "isBuyerMaker": false,
        "isBestMatch": true
    },
    {
        "id": 68665581,
        "price": "0.00362800",
        "qty": "1.13000000",
        "quoteQty": "0.00409964",
        "time": 1629984750687,
        "isBuyerMaker": false,
        "isBestMatch": true
    },
    {
        "id": 68665582,
        "price": "0.00362400",
        "qty": "0.18300000",
        "quoteQty": "0.00066319",
        "time": 1629984770317,
        "isBuyerMaker": true,
        "isBestMatch": true
    },
    {
        "id": 68665583,
        "price": "0.00362600",
        "qty": "24.61000000",
        "quoteQty": "0.08923586",
        "time": 1629984781838,
        "isBuyerMaker": false,
        "isBestMatch": true
    },
    {
        "id": 68665584,
        "price": "0.00362500",
        "qty": "6.41900000",
        "quoteQty": "0.02326887",
        "time": 1629984783743,
        "isBuyerMaker": true,
        "isBestMatch": true
    },
    {
        "id": 68665585,
        "price": "0.00362800",
        "qty": "0.32500000",
        "quoteQty": "0.00117910",
        "time": 1629984793497,
        "isBuyerMaker": false,
        "isBestMatch": true
    },
    {
        "id": 68665586,
        "price": "0.00362400",
        "qty": "10.81700000",
        "quoteQty": "0.03920080",
        "time": 1629984800645,
        "isBuyerMaker": true,
        "isBestMatch": true
    },
    {
        "id": 68665587,
        "price": "0.00362400",
        "qty": "8.27500000",
        "quoteQty": "0.02998860",
        "time": 1629984800645,
        "isBuyerMaker": true,
        "isBestMatch": true
    },
    {
        "id": 68665588,
        "price": "0.00362400",
        "qty": "0.38500000",
        "quoteQty": "0.00139524",
        "time": 1629984800645,
        "isBuyerMaker": true,
        "isBestMatch": true
    },
    {
        "id": 68665589,
        "price": "0.00362300",
        "qty": "3.76000000",
        "quoteQty": "0.01362248",
        "time": 1629984800645,
        "isBuyerMaker": true,
        "isBestMatch": true
    },
    {
        "id": 68665590,
        "price": "0.00362300",
        "qty": "4.99700000",
        "quoteQty": "0.01810413",
        "time": 1629984800645,
        "isBuyerMaker": true,
        "isBestMatch": true
    },
    {
        "id": 68665591,
        "price": "0.00362300",
        "qty": "3.52600000",
        "quoteQty": "0.01277469",
        "time": 1629984800645,
        "isBuyerMaker": true,
        "isBestMatch": true
    },
    {
        "id": 68665592,
        "price": "0.00362700",
        "qty": "0.03400000",
        "quoteQty": "0.00012331",
        "time": 1629984803281,
        "isBuyerMaker": false,
        "isBestMatch": true
    },
    {
        "id": 68665593,
        "price": "0.00362700",
        "qty": "0.54800000",
        "quoteQty": "0.00198759",
        "time": 1629984812041,
        "isBuyerMaker": false,
        "isBestMatch": true
    },
    {
        "id": 68665594,
        "price": "0.00362800",
        "qty": "1.45200000",
        "quoteQty": "0.00526785",
        "time": 1629984812041,
        "isBuyerMaker": false,
        "isBestMatch": true
    },
    {
        "id": 68665595,
        "price": "0.00362400",
        "qty": "0.98000000",
        "quoteQty": "0.00355152",
        "time": 1629984819081,
        "isBuyerMaker": false,
        "isBestMatch": true
    },
    {
        "id": 68665596,
        "price": "0.00362300",
        "qty": "0.09700000",
        "quoteQty": "0.00035143",
        "time": 1629984821615,
        "isBuyerMaker": true,
        "isBestMatch": true
    },
    {
        "id": 68665597,
        "price": "0.00362600",
        "qty": "0.21200000",
        "quoteQty": "0.00076871",
        "time": 1629984835258,
        "isBuyerMaker": false,
        "isBestMatch": true
    },
    {
        "id": 68665598,
        "price": "0.00362600",
        "qty": "0.23800000",
        "quoteQty": "0.00086298",
        "time": 1629984837314,
        "isBuyerMaker": false,
        "isBestMatch": true
    },
    {
        "id": 68665599,
        "price": "0.00362400",
        "qty": "0.04200000",
        "quoteQty": "0.00015220",
        "time": 1629984839794,
        "isBuyerMaker": true,
        "isBestMatch": true
    },
    {
        "id": 68665600,
        "price": "0.00362300",
        "qty": "0.62700000",
        "quoteQty": "0.00227162",
        "time": 1629984839794,
        "isBuyerMaker": true,
        "isBestMatch": true
    },
    {
        "id": 68665601,
        "price": "0.00362600",
        "qty": "0.02800000",
        "quoteQty": "0.00010152",
        "time": 1629984842215,
        "isBuyerMaker": false,
        "isBestMatch": true
    },
    {
        "id": 68665602,
        "price": "0.00362300",
        "qty": "0.03800000",
        "quoteQty": "0.00013767",
        "time": 1629984845090,
        "isBuyerMaker": true,
        "isBestMatch": true
    },
    {
        "id": 68665603,
        "price": "0.00362600",
        "qty": "0.54500000",
        "quoteQty": "0.00197617",
        "time": 1629984847629,
        "isBuyerMaker": false,
        "isBestMatch": true
    },
    {
        "id": 68665604,
        "price": "0.00362400",
        "qty": "1.09000000",
        "quoteQty": "0.00395016",
        "time": 1629984856520,
        "isBuyerMaker": true,
        "isBestMatch": true
    },
    {
        "id": 68665605,
        "price": "0.00362700",
        "qty": "0.09900000",
        "quoteQty": "0.00035907",
        "time": 1629984857789,
        "isBuyerMaker": false,
        "isBestMatch": true
    },
    {
        "id": 68665606,
        "price": "0.00362800",
        "qty": "1.84300000",
        "quoteQty": "0.00668640",
        "time": 1629984866165,
        "isBuyerMaker": false,
        "isBestMatch": true
    },
    {
        "id": 68665607,
        "price": "0.00362800",
        "qty": "0.06200000",
        "quoteQty": "0.00022493",
        "time": 1629984866165,
        "isBuyerMaker": false,
        "isBestMatch": true
    },
    {
        "id": 68665608,
        "price": "0.00362800",
        "qty": "1.18000000",
        "quoteQty": "0.00428104",
        "time": 1629984866165,
        "isBuyerMaker": false,
        "isBestMatch": true
    },
    {
        "id": 68665609,
        "price": "0.00362800",
        "qty": "0.40900000",
        "quoteQty": "0.00148385",
        "time": 1629984878671,
        "isBuyerMaker": false,
        "isBestMatch": true
    },
    {
        "id": 68665610,
        "price": "0.00362800",
        "qty": "6.23900000",
        "quoteQty": "0.02263509",
        "time": 1629984878855,
        "isBuyerMaker": false,
        "isBestMatch": true
    },
    {
        "id": 68665611,
        "price": "0.00362900",
        "qty": "0.08100000",
        "quoteQty": "0.00029394",
        "time": 1629984881589,
        "isBuyerMaker": false,
        "isBestMatch": true
    },
    {
        "id": 68665612,
        "price": "0.00362800",
        "qty": "0.99900000",
        "quoteQty": "0.00362437",
        "time": 1629984884450,
        "isBuyerMaker": true,
        "isBestMatch": true
    },
    {
        "id": 68665613,
        "price": "0.00362600",
        "qty": "0.02800000",
        "quoteQty": "0.00010152",
        "time": 1629984886721,
        "isBuyerMaker": true,
        "isBestMatch": true
    },
    {
        "id": 68665614,
        "price": "0.00362900",
        "qty": "2.11400000",
        "quoteQty": "0.00767170",
        "time": 1629984888159,
        "isBuyerMaker": false,
        "isBestMatch": true
    },
    {
        "id": 68665615,
        "price": "0.00362700",
        "qty": "0.03500000",
        "quoteQty": "0.00012694",
        "time": 1629984892953,
        "isBuyerMaker": true,
        "isBestMatch": true
    },
    {
        "id": 68665616,
        "price": "0.00362600",
        "qty": "3.57400000",
        "quoteQty": "0.01295932",
        "time": 1629984892953,
        "isBuyerMaker": true,
        "isBestMatch": true
    },
    {
        "id": 68665617,
        "price": "0.00362700",
        "qty": "4.96000000",
        "quoteQty": "0.01798992",
        "time": 1629984899576,
        "isBuyerMaker": true,
        "isBestMatch": true
    },
    {
        "id": 68665618,
        "price": "0.00362900",
        "qty": "6.33100000",
        "quoteQty": "0.02297519",
        "time": 1629984902038,
        "isBuyerMaker": false,
        "isBestMatch": true
    },
    {
        "id": 68665619,
        "price": "0.00362900",
        "qty": "0.10200000",
        "quoteQty": "0.00037015",
        "time": 1629984910602,
        "isBuyerMaker": false,
        "isBestMatch": true
    },
    {
        "id": 68665620,
        "price": "0.00362700",
        "qty": "5.03000000",
        "quoteQty": "0.01824381",
        "time": 1629984913639,
        "isBuyerMaker": true,
        "isBestMatch": true
    },
    {
        "id": 68665621,
        "price": "0.00362500",
        "qty": "0.03600000",
        "quoteQty": "0.00013050",
        "time": 1629984920924,
        "isBuyerMaker": true,
        "isBestMatch": true
    },
    {
        "id": 68665622,
        "price": "0.00362900",
        "qty": "2.03900000",
        "quoteQty": "0.00739953",
        "time": 1629984921087,
        "isBuyerMaker": false,
        "isBestMatch": true
    },
    {
        "id": 68665623,
        "price": "0.00362800",
        "qty": "0.10400000",
        "quoteQty": "0.00037731",
        "time": 1629984926871,
        "isBuyerMaker": false,
        "isBestMatch": true
    },
    {
        "id": 68665624,
        "price": "0.00362600",
        "qty": "1.92000000",
        "quoteQty": "0.00696192",
        "time": 1629984941589,
        "isBuyerMaker": false,
        "isBestMatch": true
    },
    {
        "id": 68665625,
        "price": "0.00362600",
        "qty": "0.12900000",
        "quoteQty": "0.00046775",
        "time": 1629984943962,
        "isBuyerMaker": false,
        "isBestMatch": true
    },
    {
        "id": 68665626,
        "price": "0.00362600",
        "qty": "0.13000000",
        "quoteQty": "0.00047138",
        "time": 1629984945501,
        "isBuyerMaker": false,
        "isBestMatch": true
    },
    {
        "id": 68665627,
        "price": "0.00362500",
        "qty": "0.90100000",
        "quoteQty": "0.00326612",
        "time": 1629984957640,
        "isBuyerMaker": false,
        "isBestMatch": true
    },
    {
        "id": 68665628,
        "price": "0.00362600",
        "qty": "0.20500000",
        "quoteQty": "0.00074333",
        "time": 1629984963366,
        "isBuyerMaker": false,
        "isBestMatch": true
    },
    {
        "id": 68665629,
        "price": "0.00362400",
        "qty": "8.61800000",
        "quoteQty": "0.03123163",
        "time": 1629984965126,
        "isBuyerMaker": true,
        "isBestMatch": true
    },
    {
        "id": 68665630,
        "price": "0.00362300",
        "qty": "3.44500000",
        "quoteQty": "0.01248123",
        "time": 1629984971959,
        "isBuyerMaker": true,
        "isBestMatch": true
    },
    {
        "id": 68665631,
        "price": "0.00362300",
        "qty": "0.00500000",
        "quoteQty": "0.00001811",
        "time": 1629984971959,
        "isBuyerMaker": true,
        "isBestMatch": true
    },
    {
        "id": 68665632,
        "price": "0.00362500",
        "qty": "0.02800000",
        "quoteQty": "0.00010150",
        "time": 1629984973712,
        "isBuyerMaker": false,
        "isBestMatch": true
    },
    {
        "id": 68665633,
        "price": "0.00362300",
        "qty": "0.07200000",
        "quoteQty": "0.00026085",
        "time": 1629984974542,
        "isBuyerMaker": true,
        "isBestMatch": true
    },
    {
        "id": 68665634,
        "price": "0.00362500",
        "qty": "0.22200000",
        "quoteQty": "0.00080475",
        "time": 1629984974817,
        "isBuyerMaker": false,
        "isBestMatch": true
    },
    {
        "id": 68665635,
        "price": "0.00362300",
        "qty": "1.24000000",
        "quoteQty": "0.00449252",
        "time": 1629984974879,
        "isBuyerMaker": true,
        "isBestMatch": true
    },
    {
        "id": 68665636,
        "price": "0.00362300",
        "qty": "0.98000000",
        "quoteQty": "0.00355054",
        "time": 1629985004502,
        "isBuyerMaker": true,
        "isBestMatch": true
    },
    {
        "id": 68665637,
        "price": "0.00362200",
        "qty": "0.06000000",
        "quoteQty": "0.00021732",
        "time": 1629985017918,
        "isBuyerMaker": true,
        "isBestMatch": true
    },
    {
        "id": 68665638,
        "price": "0.00362200",
        "qty": "5.36500000",
        "quoteQty": "0.01943203",
        "time": 1629985017918,
        "isBuyerMaker": true,
        "isBestMatch": true
    },
    {
        "id": 68665639,
        "price": "0.00362200",
        "qty": "3.38700000",
        "quoteQty": "0.01226771",
        "time": 1629985017918,
        "isBuyerMaker": true,
        "isBestMatch": true
    },
    {
        "id": 68665640,
        "price": "0.00362200",
        "qty": "8.75400000",
        "quoteQty": "0.03170698",
        "time": 1629985017918,
        "isBuyerMaker": true,
        "isBestMatch": true
    },
    {
        "id": 68665641,
        "price": "0.00362200",
        "qty": "29.28400000",
        "quoteQty": "0.10606664",
        "time": 1629985017918,
        "isBuyerMaker": true,
        "isBestMatch": true
    },
    {
        "id": 68665642,
        "price": "0.00362200",
        "qty": "14.61800000",
        "quoteQty": "0.05294639",
        "time": 1629985017918,
        "isBuyerMaker": true,
        "isBestMatch": true
    },
    {
        "id": 68665643,
        "price": "0.00362200",
        "qty": "27.58600000",
        "quoteQty": "0.09991649",
        "time": 1629985017918,
        "isBuyerMaker": true,
        "isBestMatch": true
    },
    {
        "id": 68665644,
        "price": "0.00362100",
        "qty": "3.52300000",
        "quoteQty": "0.01275678",
        "time": 1629985017965,
        "isBuyerMaker": true,
        "isBestMatch": true
    },
    {
        "id": 68665645,
        "price": "0.00362100",
        "qty": "1.13400000",
        "quoteQty": "0.00410621",
        "time": 1629985017965,
        "isBuyerMaker": true,
        "isBestMatch": true
    },
    {
        "id": 68665646,
        "price": "0.00362100",
        "qty": "3.76100000",
        "quoteQty": "0.01361858",
        "time": 1629985017978,
        "isBuyerMaker": true,
        "isBestMatch": true
    },
    {
        "id": 68665647,
        "price": "0.00362100",
        "qty": "1.60000000",
        "quoteQty": "0.00579360",
        "time": 1629985017979,
        "isBuyerMaker": true,
        "isBestMatch": true
    },
    {
        "id": 68665648,
