[
    {
        "id": 3098291,
        "price": "2.61690000",
        "qty": "416.53000000",
        "quoteQty": "1090.01735700",
        "time": 1629969043104,
        "isBuyerMaker": false,
        "isBestMatch": true
    },
    {
        "id": 3098292,
        "price": "2.61690000",
        "qty": "0.01000000",
        "quoteQty": "0.02616900",
        "time": 1629969043105,
        "isBuyerMaker": false,
        "isBestMatch": true
    },
    {
        "id": 3098293,
        "price": "2.61690000",
        "qty": "182.36000000",
        "quoteQty": "477.21788400",
        "time": 1629969065302,
        "isBuyerMaker": true,
        "isBestMatch": true
    },
    {
        "id": 3098294,
        "price": "2.60910000",
        "qty": "7.70000000",
        "quoteQty": "20.09007000",
        "time": 1629969091673,
        "isBuyerMaker": true,
        "isBestMatch": true
    },
    {
        "id": 3098295,
        "price": "2.60240000",
        "qty": "22.04000000",
        "quoteQty": "57.35689600",
        "time": 1629969107095,
        "isBuyerMaker": true,
        "isBestMatch": true
    },
    {
        "id": 3098296,
        "price": "2.60150000",
        "qty": "87.89000000",
        "quoteQty": "228.64583500",
        "time": 1629969107095,
        "isBuyerMaker": true,
        "isBestMatch": true
    },
    {
        "id": 3098297,
        "price": "2.60080000",
        "qty": "77.38000000",
        "quoteQty": "201.24990400",
        "time": 1629969107095,
        "isBuyerMaker": true,
        "isBestMatch": true
    },
    {
        "id": 3098298,
        "price": "2.60050000",
        "qty": "7.73000000",
        "quoteQty": "20.10186500",
        "time": 1629969107095,
        "isBuyerMaker": true,
        "isBestMatch": true
    },
    {
        "id": 3098299,
        "price": "2.60000000",
        "qty": "54.49000000",
        "quoteQty": "141.67400000",
        "time": 1629969107095,
        "isBuyerMaker": true,
        "isBestMatch": true
    },
    {
        "id": 3098300,
        "price": "2.60700000",
        "qty": "83.79000000",
        "quoteQty": "218.44053000",
        "time": 1629969132013,
        "isBuyerMaker": false,
        "isBestMatch": true
    },
    {
        "id": 3098301,
        "price": "2.60010000",
        "qty": "20.73000000",
        "quoteQty": "53.90007300",
        "time": 1629969239296,
        "isBuyerMaker": true,
        "isBestMatch": true
    },
    {
        "id": 3098302,
        "price": "2.60010000",
        "qty": "86.45000000",
        "quoteQty": "224.77864500",
        "time": 1629969255003,
        "isBuyerMaker": true,
        "isBestMatch": true
    },
    {
        "id": 3098303,
        "price": "2.60100000",
        "qty": "4.74000000",
        "quoteQty": "12.32874000",
        "time": 1629969263543,
        "isBuyerMaker": true,
        "isBestMatch": true
    },
    {
        "id": 3098304,
        "price": "2.60100000",
        "qty": "233.83000000",
        "quoteQty": "608.19183000",
        "time": 1629969287573,
        "isBuyerMaker": false,
        "isBestMatch": true
    },
    {
        "id": 3098305,
        "price": "2.61380000",
        "qty": "79.89000000",
        "quoteQty": "208.81648200",
        "time": 1629969323560,
        "isBuyerMaker": false,
        "isBestMatch": true
    },
    {
        "id": 3098306,
        "price": "2.61420000",
        "qty": "7.73000000",
        "quoteQty": "20.20776600",
        "time": 1629969324116,
        "isBuyerMaker": false,
        "isBestMatch": true
    },
    {
        "id": 3098307,
        "price": "2.61200000",
        "qty": "5.74000000",
        "quoteQty": "14.99288000",
        "time": 1629969348043,
        "isBuyerMaker": true,
        "isBestMatch": true
    },
    {
        "id": 3098308,
        "price": "2.60700000",
        "qty": "5.75000000",
        "quoteQty": "14.99025000",
        "time": 1629969384662,
        "isBuyerMaker": true,
        "isBestMatch": true
    },
    {
        "id": 3098309,
        "price": "2.60050000",
        "qty": "7.73000000",
        "quoteQty": "20.10186500",
        "time": 1629969405682,
        "isBuyerMaker": true,
        "isBestMatch": true
    },
    {
        "id": 3098310,
        "price": "2.60000000",
        "qty": "100.00000000",
        "quoteQty": "260.00000000",
        "time": 1629969405700,
        "isBuyerMaker": true,
        "isBestMatch": true
    },
    {
        "id": 3098311,
        "price": "2.60000000",
        "qty": "52.19000000",
        "quoteQty": "135.69400000",
        "time": 1629969405723,
        "isBuyerMaker": true,
        "isBestMatch": true
    },
    {
        "id": 3098312,
        "price": "2.60000000",
        "qty": "25.00000000",
        "quoteQty": "65.00000000",
        "time": 1629969405723,
        "isBuyerMaker": true,
        "isBestMatch": true
    },
    {
        "id": 3098313,
        "price": "2.60480000",
        "qty": "84.33000000",
        "quoteQty": "219.66278400",
        "time": 1629969413479,
        "isBuyerMaker": false,
        "isBestMatch": true
    },
    {
        "id": 3098314,
        "price": "2.61250000",
        "qty": "84.73000000",
        "quoteQty": "221.35712500",
        "time": 1629969464017,
        "isBuyerMaker": false,
        "isBestMatch": true
    },
    {
        "id": 3098315,
        "price": "2.61380000",
        "qty": "280.34000000",
        "quoteQty": "732.75269200",
        "time": 1629969464017,
        "isBuyerMaker": false,
        "isBestMatch": true
    },
    {
        "id": 3098316,
        "price": "2.61380000",
        "qty": "280.34000000",
        "quoteQty": "732.75269200",
        "time": 1629969464017,
        "isBuyerMaker": false,
        "isBestMatch": true
    },
    {
        "id": 3098317,
        "price": "2.61390000",
        "qty": "77.13000000",
        "quoteQty": "201.61010700",
        "time": 1629969464017,
        "isBuyerMaker": false,
        "isBestMatch": true
    },
    {
        "id": 3098318,
        "price": "2.61420000",
        "qty": "7.73000000",
        "quoteQty": "20.20776600",
        "time": 1629969464017,
        "isBuyerMaker": false,
        "isBestMatch": true
    },
    {
        "id": 3098319,
        "price": "2.61500000",
        "qty": "53.39000000",
        "quoteQty": "139.61485000",
        "time": 1629969464017,
        "isBuyerMaker": false,
        "isBestMatch": true
    },
    {
        "id": 3098320,
        "price": "2.62020000",
        "qty": "34.42000000",
        "quoteQty": "90.18728400",
        "time": 1629969464017,
        "isBuyerMaker": false,
        "isBestMatch": true
    },
    {
        "id": 3098321,
        "price": "2.62030000",
        "qty": "70.83000000",
        "quoteQty": "185.59584900",
        "time": 1629969464017,
        "isBuyerMaker": false,
        "isBestMatch": true
    },
    {
        "id": 3098322,
        "price": "2.61770000",
        "qty": "53.34000000",
        "quoteQty": "139.62811800",
        "time": 1629969527749,
        "isBuyerMaker": false,
        "isBestMatch": true
    },
    {
        "id": 3098323,
        "price": "2.62030000",
        "qty": "234.81000000",
        "quoteQty": "615.27264300",
        "time": 1629969527758,
        "isBuyerMaker": true,
        "isBestMatch": true
    },
    {
        "id": 3098324,
        "price": "2.61940000",
        "qty": "80.95000000",
        "quoteQty": "212.04043000",
        "time": 1629969562200,
        "isBuyerMaker": false,
        "isBestMatch": true
    },
    {
        "id": 3098325,
        "price": "2.62050000",
        "qty": "801.83000000",
        "quoteQty": "2101.19551500",
        "time": 1629969562211,
        "isBuyerMaker": true,
        "isBestMatch": true
    },
    {
        "id": 3098326,
        "price": "2.60960000",
        "qty": "12.00000000",
        "quoteQty": "31.31520000",
        "time": 1629969562608,
        "isBuyerMaker": true,
        "isBestMatch": true
    },
    {
        "id": 3098327,
        "price": "2.62030000",
        "qty": "76.36000000",
        "quoteQty": "200.08610800",
        "time": 1629969597616,
        "isBuyerMaker": true,
        "isBestMatch": true
    },
    {
        "id": 3098328,
        "price": "2.62030000",
        "qty": "50.00000000",
        "quoteQty": "131.01500000",
        "time": 1629969597617,
        "isBuyerMaker": true,
        "isBestMatch": true
    },
    {
        "id": 3098329,
        "price": "2.62270000",
        "qty": "20.33000000",
        "quoteQty": "53.31949100",
        "time": 1629969600487,
        "isBuyerMaker": false,
        "isBestMatch": true
    },
    {
        "id": 3098330,
        "price": "2.62280000",
        "qty": "15.49000000",
        "quoteQty": "40.62717200",
        "time": 1629969600487,
        "isBuyerMaker": false,
        "isBestMatch": true
    },
    {
        "id": 3098331,
        "price": "2.61340000",
        "qty": "33.75000000",
        "quoteQty": "88.20225000",
        "time": 1629969644593,
        "isBuyerMaker": false,
        "isBestMatch": true
    },
    {
        "id": 3098332,
        "price": "2.60050000",
        "qty": "7.73000000",
        "quoteQty": "20.10186500",
        "time": 1629969730080,
        "isBuyerMaker": true,
        "isBestMatch": true
    },
    {
        "id": 3098333,
        "price": "2.59850000",
        "qty": "74.77000000",
        "quoteQty": "194.28984500",
        "time": 1629969841684,
        "isBuyerMaker": true,
        "isBestMatch": true
    },
    {
        "id": 3098334,
        "price": "2.59730000",
        "qty": "34.38000000",
        "quoteQty": "89.29517400",
        "time": 1629969841684,
        "isBuyerMaker": true,
        "isBestMatch": true
    },
    {
        "id": 3098335,
        "price": "2.59720000",
        "qty": "53.42000000",
        "quoteQty": "138.74242400",
        "time": 1629969841684,
        "isBuyerMaker": true,
        "isBestMatch": true
    },
    {
        "id": 3098336,
        "price": "2.59720000",
        "qty": "950.00000000",
        "quoteQty": "2467.34000000",
        "time": 1629969841694,
        "isBuyerMaker": false,
        "isBestMatch": true
    },
    {
        "id": 3098337,
        "price": "2.59720000",
        "qty": "635.68000000",
        "quoteQty": "1650.98809600",
        "time": 1629969841697,
        "isBuyerMaker": false,
        "isBestMatch": true
    },
    {
        "id": 3098338,
        "price": "2.60850000",
        "qty": "7.70000000",
        "quoteQty": "20.08545000",
        "time": 1629969857013,
        "isBuyerMaker": false,
        "isBestMatch": true
    },
    {
        "id": 3098339,
        "price": "2.61420000",
        "qty": "7.73000000",
        "quoteQty": "20.20776600",
        "time": 1629970086261,
        "isBuyerMaker": false,
        "isBestMatch": true
    },
    {
        "id": 3098340,
        "price": "2.61730000",
        "qty": "67.02000000",
        "quoteQty": "175.41144600",
        "time": 1629970086261,
        "isBuyerMaker": false,
        "isBestMatch": true
    },
    {
        "id": 3098341,
        "price": "2.62110000",
        "qty": "24.82000000",
        "quoteQty": "65.05570200",
        "time": 1629970088735,
        "isBuyerMaker": false,
        "isBestMatch": true
    },
    {
        "id": 3098342,
        "price": "2.61770000",
        "qty": "90.52000000",
        "quoteQty": "236.95420400",
        "time": 1629970181441,
        "isBuyerMaker": true,
        "isBestMatch": true
    },
    {
        "id": 3098343,
        "price": "2.61730000",
        "qty": "10.88000000",
        "quoteQty": "28.47622400",
        "time": 1629970181441,
        "isBuyerMaker": true,
        "isBestMatch": true
    },
    {
        "id": 3098344,
        "price": "2.61680000",
        "qty": "80.27000000",
        "quoteQty": "210.05053600",
        "time": 1629970181441,
        "isBuyerMaker": true,
        "isBestMatch": true
    },
    {
        "id": 3098345,
        "price": "2.61660000",
        "qty": "24.80000000",
        "quoteQty": "64.89168000",
        "time": 1629970181441,
        "isBuyerMaker": true,
        "isBestMatch": true
    },
    {
        "id": 3098346,
        "price": "2.62290000",
        "qty": "7.70000000",
        "quoteQty": "20.19633000",
        "time": 1629970188580,
        "isBuyerMaker": false,
        "isBestMatch": true
    },
    {
        "id": 3098347,
        "price": "2.62370000",
        "qty": "4.98000000",
        "quoteQty": "13.06602600",
        "time": 1629970287559,
        "isBuyerMaker": false,
        "isBestMatch": true
    },
    {
        "id": 3098348,
        "price": "2.63150000",
        "qty": "7.68000000",
        "quoteQty": "20.20992000",
        "time": 1629970300458,
        "isBuyerMaker": false,
        "isBestMatch": true
    },
    {
        "id": 3098349,
        "price": "2.63200000",
        "qty": "432.81000000",
        "quoteQty": "1139.15592000",
        "time": 1629970300458,
        "isBuyerMaker": false,
        "isBestMatch": true
    },
    {
        "id": 3098350,
        "price": "2.62940000",
        "qty": "88.99000000",
        "quoteQty": "233.99030600",
        "time": 1629970326531,
        "isBuyerMaker": true,
        "isBestMatch": true
    },
    {
        "id": 3098351,
        "price": "2.62810000",
        "qty": "60.47000000",
        "quoteQty": "158.92120700",
        "time": 1629970326807,
        "isBuyerMaker": true,
        "isBestMatch": true
    },
    {
        "id": 3098352,
        "price": "2.62810000",
        "qty": "50.00000000",
        "quoteQty": "131.40500000",
        "time": 1629970326807,
        "isBuyerMaker": true,
        "isBestMatch": true
    },
    {
        "id": 3098353,
        "price": "2.62810000",
        "qty": "50.00000000",
        "quoteQty": "131.40500000",
        "time": 1629970326809,
        "isBuyerMaker": true,
        "isBestMatch": true
    },
    {
        "id": 3098354,
        "price": "2.62810000",
        "qty": "100.00000000",
        "quoteQty": "262.81000000",
        "time": 1629970326810,
        "isBuyerMaker": true,
        "isBestMatch": true
    },
    {
        "id": 3098355,
        "price": "2.62680000",
        "qty": "34.50000000",
        "quoteQty": "90.62460000",
        "time": 1629970327311,
        "isBuyerMaker": true,
        "isBestMatch": true
    },
    {
        "id": 3098356,
        "price": "2.62400000",
        "qty": "5.71000000",
        "quoteQty": "14.98304000",
        "time": 1629970336608,
        "isBuyerMaker": true,
        "isBestMatch": true
    },
    {
        "id": 3098357,
        "price": "2.61770000",
        "qty": "7.68000000",
        "quoteQty": "20.10393600",
        "time": 1629970360264,
        "isBuyerMaker": true,
        "isBestMatch": true
    },
    {
        "id": 3098358,
        "price": "2.62400000",
        "qty": "94.51000000",
        "quoteQty": "247.99424000",
        "time": 1629970414113,
        "isBuyerMaker": true,
        "isBestMatch": true
    },
    {
        "id": 3098359,
        "price": "2.61410000",
        "qty": "78.72000000",
        "quoteQty": "205.78195200",
        "time": 1629970422016,
        "isBuyerMaker": true,
        "isBestMatch": true
    },
    {
        "id": 3098360,
        "price": "2.61280000",
        "qty": "20.28000000",
        "quoteQty": "52.98758400",
        "time": 1629970422016,
        "isBuyerMaker": true,
        "isBestMatch": true
    },
    {
        "id": 3098361,
        "price": "2.61370000",
        "qty": "182.18000000",
        "quoteQty": "476.16386600",
        "time": 1629970437946,
        "isBuyerMaker": true,
        "isBestMatch": true
    },
    {
        "id": 3098362,
        "price": "2.61730000",
        "qty": "53.09000000",
        "quoteQty": "138.95245700",
        "time": 1629970632854,
        "isBuyerMaker": true,
        "isBestMatch": true
    },
    {
        "id": 3098363,
        "price": "2.61700000",
        "qty": "85.72000000",
        "quoteQty": "224.32924000",
        "time": 1629970632854,
        "isBuyerMaker": true,
        "isBestMatch": true
    },
    {
        "id": 3098364,
        "price": "2.61500000",
        "qty": "79.71000000",
        "quoteQty": "208.44165000",
        "time": 1629970632854,
        "isBuyerMaker": true,
        "isBestMatch": true
    },
    {
        "id": 3098365,
        "price": "2.61390000",
        "qty": "32.87000000",
        "quoteQty": "85.91889300",
        "time": 1629970632854,
        "isBuyerMaker": true,
        "isBestMatch": true
    },
    {
        "id": 3098366,
        "price": "2.62030000",
        "qty": "176.28000000",
        "quoteQty": "461.90648400",
        "time": 1629970688277,
        "isBuyerMaker": false,
        "isBestMatch": true
    },
    {
        "id": 3098367,
        "price": "2.61100000",
        "qty": "5.74000000",
        "quoteQty": "14.98714000",
        "time": 1629970722997,
        "isBuyerMaker": true,
        "isBestMatch": true
    },
    {
        "id": 3098368,
        "price": "2.60910000",
        "qty": "7.70000000",
        "quoteQty": "20.09007000",
        "time": 1629970726460,
        "isBuyerMaker": true,
        "isBestMatch": true
    },
    {
        "id": 3098369,
        "price": "2.61120000",
        "qty": "53.62000000",
        "quoteQty": "140.01254400",
        "time": 1629970726499,
        "isBuyerMaker": false,
        "isBestMatch": true
    },
    {
        "id": 3098370,
        "price": "2.61120000",
        "qty": "33.37000000",
        "quoteQty": "87.13574400",
        "time": 1629970726499,
        "isBuyerMaker": false,
        "isBestMatch": true
    },
    {
        "id": 3098371,
        "price": "2.61250000",
        "qty": "50.00000000",
        "quoteQty": "130.62500000",
        "time": 1629970726562,
        "isBuyerMaker": false,
        "isBestMatch": true
    },
    {
        "id": 3098372,
        "price": "2.61240000",
        "qty": "5.40000000",
        "quoteQty": "14.10696000",
        "time": 1629970983876,
        "isBuyerMaker": false,
        "isBestMatch": true
    },
    {
        "id": 3098373,
        "price": "2.60140000",
        "qty": "9.23000000",
        "quoteQty": "24.01092200",
        "time": 1629971185279,
        "isBuyerMaker": true,
        "isBestMatch": true
    },
    {
        "id": 3098374,
        "price": "2.60050000",
        "qty": "7.73000000",
        "quoteQty": "20.10186500",
        "time": 1629971187897,
        "isBuyerMaker": true,
        "isBestMatch": true
    },
    {
        "id": 3098375,
        "price": "2.60050000",
        "qty": "22.78000000",
        "quoteQty": "59.23939000",
        "time": 1629971190260,
        "isBuyerMaker": true,
        "isBestMatch": true
    },
    {
        "id": 3098376,
        "price": "2.60000000",
        "qty": "50.00000000",
        "quoteQty": "130.00000000",
        "time": 1629971190296,
        "isBuyerMaker": true,
        "isBestMatch": true
    },
    {
        "id": 3098377,
        "price": "2.60000000",
        "qty": "29.73000000",
        "quoteQty": "77.29800000",
        "time": 1629971190384,
        "isBuyerMaker": true,
        "isBestMatch": true
    },
    {
        "id": 3098378,
        "price": "2.60000000",
        "qty": "77.90000000",
        "quoteQty": "202.54000000",
        "time": 1629971190555,
        "isBuyerMaker": true,
        "isBestMatch": true
    },
    {
        "id": 3098379,
        "price": "2.60000000",
        "qty": "32.28000000",
        "quoteQty": "83.92800000",
        "time": 1629971190572,
        "isBuyerMaker": true,
        "isBestMatch": true
    },
    {
        "id": 3098380,
        "price": "2.60000000",
        "qty": "8.86000000",
        "quoteQty": "23.03600000",
        "time": 1629971201294,
        "isBuyerMaker": true,
        "isBestMatch": true
    },
    {
        "id": 3098381,
        "price": "2.60000000",
        "qty": "8.86000000",
        "quoteQty": "23.03600000",
        "time": 1629971235624,
        "isBuyerMaker": true,
        "isBestMatch": true
    },
    {
        "id": 3098382,
        "price": "2.59200000",
        "qty": "7.75000000",
        "quoteQty": "20.08800000",
        "time": 1629971257296,
        "isBuyerMaker": true,
        "isBestMatch": true
    },
    {
        "id": 3098383,
        "price": "2.60570000",
        "qty": "7.75000000",
        "quoteQty": "20.19417500",
        "time": 1629971380685,
        "isBuyerMaker": false,
        "isBestMatch": true
    },
    {
        "id": 3098384,
        "price": "2.59800000",
        "qty": "5.77000000",
        "quoteQty": "14.99046000",
        "time": 1629971457234,
        "isBuyerMaker": true,
        "isBestMatch": true
    },
    {
        "id": 3098385,
        "price": "2.60030000",
        "qty": "500.50000000",
        "quoteQty": "1301.45015000",
        "time": 1629971502307,
        "isBuyerMaker": true,
        "isBestMatch": true
    },
    {
        "id": 3098386,
        "price": "2.59940000",
        "qty": "50.00000000",
        "quoteQty": "129.97000000",
        "time": 1629971544516,
        "isBuyerMaker": false,
        "isBestMatch": true
    },
    {
        "id": 3098387,
        "price": "2.59940000",
        "qty": "26.93000000",
        "quoteQty": "70.00184200",
        "time": 1629971544519,
        "isBuyerMaker": false,
        "isBestMatch": true
    },
    {
        "id": 3098388,
        "price": "2.60480000",
        "qty": "500.80000000",
        "quoteQty": "1304.48384000",
        "time": 1629971719634,
        "isBuyerMaker": false,
        "isBestMatch": true
    },
    {
        "id": 3098389,
        "price": "2.59940000",
        "qty": "391.86000000",
        "quoteQty": "1018.60088400",
        "time": 1629971748498,
        "isBuyerMaker": true,
        "isBestMatch": true
    },
    {
        "id": 3098390,
        "price": "2.59940000",
        "qty": "259.49000000",
        "quoteQty": "674.51830600",
        "time": 1629971748543,
        "isBuyerMaker": true,
        "isBestMatch": true
    },
    {
        "id": 3098391,
        "price": "2.59940000",
        "qty": "150.00000000",
        "quoteQty": "389.91000000",
        "time": 1629971748583,
        "isBuyerMaker": true,
        "isBestMatch": true
    },
    {
        "id": 3098392,
        "price": "2.59940000",
        "qty": "97.15000000",
        "quoteQty": "252.53171000",
        "time": 1629971748897,
        "isBuyerMaker": true,
        "isBestMatch": true
    },
    {
        "id": 3098393,
        "price": "2.59940000",
        "qty": "207.04000000",
        "quoteQty": "538.17977600",
        "time": 1629971748916,
        "isBuyerMaker": true,
        "isBestMatch": true
    },
    {
        "id": 3098394,
        "price": "2.59940000",
        "qty": "207.04000000",
        "quoteQty": "538.17977600",
        "time": 1629971748935,
        "isBuyerMaker": true,
        "isBestMatch": true
    },
    {
        "id": 3098395,
        "price": "2.59940000",
        "qty": "187.42000000",
        "quoteQty": "487.17954800",
        "time": 1629971749338,
        "isBuyerMaker": true,
        "isBestMatch": true
    },
    {
        "id": 3098396,
        "price": "2.59200000",
        "qty": "7.75000000",
        "quoteQty": "20.08800000",
        "time": 1629971796107,
        "isBuyerMaker": true,
        "isBestMatch": true
    },
    {
        "id": 3098397,
        "price": "2.58470000",
        "qty": "13.65000000",
        "quoteQty": "35.28115500",
        "time": 1629971799120,
        "isBuyerMaker": true,
        "isBestMatch": true
    },
    {
        "id": 3098398,
        "price": "2.58350000",
        "qty": "7.78000000",
        "quoteQty": "20.09963000",
        "time": 1629971840518,
        "isBuyerMaker": true,
        "isBestMatch": true
    },
    {
        "id": 3098399,
        "price": "2.58650000",
        "qty": "53.85000000",
        "quoteQty": "139.28302500",
        "time": 1629971849428,
        "isBuyerMaker": false,
        "isBestMatch": true
    },
    {
        "id": 3098400,
        "price": "2.58740000",
        "qty": "84.83000000",
        "quoteQty": "219.48914200",
        "time": 1629971849437,
        "isBuyerMaker": false,
        "isBestMatch": true
    },
    {
        "id": 3098401,
        "price": "2.58630000",
        "qty": "53.86000000",
        "quoteQty": "139.29811800",
        "time": 1629971849459,
        "isBuyerMaker": false,
        "isBestMatch": true
    },
    {
        "id": 3098402,
        "price": "2.58760000",
        "qty": "53.86000000",
        "quoteQty": "139.36813600",
        "time": 1629971849511,
        "isBuyerMaker": false,
        "isBestMatch": true
    },
    {
        "id": 3098403,
        "price": "2.58220000",
        "qty": "5.67000000",
        "quoteQty": "14.64107400",
        "time": 1629971930997,
        "isBuyerMaker": true,
        "isBestMatch": true
    },
    {
        "id": 3098404,
        "price": "2.58610000",
        "qty": "155.50000000",
        "quoteQty": "402.13855000",
        "time": 1629971951842,
        "isBuyerMaker": true,
        "isBestMatch": true
    },
    {
        "id": 3098405,
        "price": "2.58750000",
        "qty": "10.70000000",
        "quoteQty": "27.68625000",
        "time": 1629971967657,
        "isBuyerMaker": false,
        "isBestMatch": true
    },
    {
        "id": 3098406,
        "price": "2.58750000",
        "qty": "189.30000000",
        "quoteQty": "489.81375000",
        "time": 1629971967657,
        "isBuyerMaker": false,
        "isBestMatch": true
    },
    {
        "id": 3098407,
        "price": "2.58220000",
        "qty": "52.00000000",
        "quoteQty": "134.27440000",
        "time": 1629971977338,
        "isBuyerMaker": true,
        "isBestMatch": true
    },
    {
        "id": 3098408,
        "price": "2.58040000",
        "qty": "8.04000000",
        "quoteQty": "20.74641600",
        "time": 1629971980746,
        "isBuyerMaker": true,
        "isBestMatch": true
    },
    {
        "id": 3098409,
        "price": "2.58030000",
        "qty": "8.71000000",
        "quoteQty": "22.47441300",
        "time": 1629971980753,
        "isBuyerMaker": true,
        "isBestMatch": true
    },
    {
        "id": 3098410,
        "price": "2.58340000",
        "qty": "30.00000000",
        "quoteQty": "77.50200000",
        "time": 1629971981629,
        "isBuyerMaker": false,
        "isBestMatch": true
    },
    {
        "id": 3098411,
        "price": "2.57500000",
        "qty": "7.80000000",
        "quoteQty": "20.08500000",
        "time": 1629972015276,
        "isBuyerMaker": true,
        "isBestMatch": true
    },
    {
        "id": 3098412,
        "price": "2.57000000",
        "qty": "30.00000000",
        "quoteQty": "77.10000000",
        "time": 1629972015276,
        "isBuyerMaker": true,
        "isBestMatch": true
    },
    {
        "id": 3098413,
        "price": "2.57000000",
        "qty": "250.00000000",
        "quoteQty": "642.50000000",
        "time": 1629972015283,
        "isBuyerMaker": false,
        "isBestMatch": true
    },
    {
        "id": 3098414,
        "price": "2.57000000",
        "qty": "61.66000000",
        "quoteQty": "158.46620000",
        "time": 1629972015289,
        "isBuyerMaker": false,
        "isBestMatch": true
    },
    {
        "id": 3098415,
        "price": "2.56650000",
        "qty": "7.83000000",
        "quoteQty": "20.09569500",
        "time": 1629972023107,
        "isBuyerMaker": true,
        "isBestMatch": true
    },
    {
        "id": 3098416,
        "price": "2.56110000",
        "qty": "5.70000000",
        "quoteQty": "14.59827000",
        "time": 1629972025902,
        "isBuyerMaker": true,
        "isBestMatch": true
    },
    {
        "id": 3098417,
        "price": "2.56100000",
        "qty": "0.06000000",
        "quoteQty": "0.15366000",
        "time": 1629972025902,
        "isBuyerMaker": true,
        "isBestMatch": true
    },
    {
        "id": 3098418,
        "price": "2.55970000",
        "qty": "77.84000000",
        "quoteQty": "199.24704800",
        "time": 1629972039066,
        "isBuyerMaker": true,
        "isBestMatch": true
    },
    {
        "id": 3098419,
        "price": "2.55930000",
        "qty": "77.01000000",
        "quoteQty": "197.09169300",
        "time": 1629972039066,
        "isBuyerMaker": true,
        "isBestMatch": true
    },
    {
        "id": 3098420,
        "price": "2.55850000",
        "qty": "54.23000000",
        "quoteQty": "138.74745500",
        "time": 1629972039066,
        "isBuyerMaker": true,
        "isBestMatch": true
    },
    {
        "id": 3098421,
        "price": "2.55810000",
        "qty": "7.85000000",
        "quoteQty": "20.08108500",
        "time": 1629972039066,
        "isBuyerMaker": true,
        "isBestMatch": true
    },
    {
        "id": 3098422,
        "price": "2.55810000",
        "qty": "629.44000000",
        "quoteQty": "1610.17046400",
        "time": 1629972039078,
        "isBuyerMaker": false,
        "isBestMatch": true
    },
    {
        "id": 3098423,
        "price": "2.55820000",
        "qty": "27.01000000",
        "quoteQty": "69.09698200",
        "time": 1629972048254,
        "isBuyerMaker": false,
        "isBestMatch": true
    },
    {
        "id": 3098424,
        "price": "2.56760000",
        "qty": "8.79000000",
        "quoteQty": "22.56920400",
        "time": 1629972051302,
        "isBuyerMaker": false,
        "isBestMatch": true
    },
    {
        "id": 3098425,
        "price": "2.56630000",
        "qty": "7.78000000",
        "quoteQty": "19.96581400",
        "time": 1629972054074,
        "isBuyerMaker": false,
        "isBestMatch": true
    },
    {
        "id": 3098426,
        "price": "2.57150000",
        "qty": "8.04000000",
        "quoteQty": "20.67486000",
        "time": 1629972097937,
        "isBuyerMaker": false,
        "isBestMatch": true
    },
    {
        "id": 3098427,
        "price": "2.57160000",
        "qty": "7.85000000",
        "quoteQty": "20.18706000",
        "time": 1629972097947,
        "isBuyerMaker": false,
        "isBestMatch": true
    },
    {
        "id": 3098428,
        "price": "2.58000000",
        "qty": "7.83000000",
        "quoteQty": "20.20140000",
        "time": 1629972115524,
        "isBuyerMaker": false,
        "isBestMatch": true
    },
    {
        "id": 3098429,
        "price": "2.58860000",
        "qty": "7.80000000",
        "quoteQty": "20.19108000",
        "time": 1629972135081,
        "isBuyerMaker": false,
        "isBestMatch": true
    },
    {
        "id": 3098430,
        "price": "2.59530000",
        "qty": "4.01000000",
        "quoteQty": "10.40715300",
        "time": 1629972142192,
        "isBuyerMaker": false,
        "isBestMatch": true
    },
    {
        "id": 3098431,
        "price": "2.59710000",
        "qty": "7.78000000",
        "quoteQty": "20.20543800",
        "time": 1629972161115,
        "isBuyerMaker": false,
        "isBestMatch": true
    },
    {
        "id": 3098432,
        "price": "2.59310000",
        "qty": "15.41000000",
        "quoteQty": "39.95967100",
        "time": 1629972169118,
        "isBuyerMaker": true,
        "isBestMatch": true
    },
    {
        "id": 3098433,
        "price": "2.59000000",
        "qty": "7.78000000",
        "quoteQty": "20.15020000",
        "time": 1629972172235,
        "isBuyerMaker": true,
        "isBestMatch": true
    },
    {
        "id": 3098434,
        "price": "2.59310000",
        "qty": "19.17000000",
        "quoteQty": "49.70972700",
        "time": 1629972181377,
        "isBuyerMaker": false,
        "isBestMatch": true
    },
    {
        "id": 3098435,
        "price": "2.59240000",
        "qty": "78.51000000",
        "quoteQty": "203.52932400",
        "time": 1629972185393,
        "isBuyerMaker": true,
        "isBestMatch": true
    },
    {
        "id": 3098436,
        "price": "2.59240000",
        "qty": "80.29000000",
        "quoteQty": "208.14379600",
        "time": 1629972185402,
        "isBuyerMaker": false,
        "isBestMatch": true
    },
    {
        "id": 3098437,
        "price": "2.59840000",
        "qty": "15.41000000",
        "quoteQty": "40.04134400",
        "time": 1629972187417,
        "isBuyerMaker": false,
        "isBestMatch": true
    },
    {
        "id": 3098438,
        "price": "2.60570000",
        "qty": "7.75000000",
        "quoteQty": "20.19417500",
        "time": 1629972213631,
        "isBuyerMaker": false,
        "isBestMatch": true
    },
    {
        "id": 3098439,
        "price": "2.60990000",
        "qty": "78.11000000",
        "quoteQty": "203.85928900",
        "time": 1629972246332,
        "isBuyerMaker": false,
        "isBestMatch": true
    },
    {
        "id": 3098440,
        "price": "2.61030000",
        "qty": "77.43000000",
        "quoteQty": "202.11552900",
        "time": 1629972246332,
        "isBuyerMaker": false,
        "isBestMatch": true
    },
    {
        "id": 3098441,
        "price": "2.61120000",
        "qty": "1.07000000",
        "quoteQty": "2.79398400",
        "time": 1629972246332,
        "isBuyerMaker": false,
        "isBestMatch": true
    },
    {
        "id": 3098442,
        "price": "2.61100000",
        "qty": "19.53000000",
        "quoteQty": "50.99283000",
        "time": 1629972251478,
        "isBuyerMaker": false,
        "isBestMatch": true
    },
    {
        "id": 3098443,
        "price": "2.61160000",
        "qty": "11.29000000",
        "quoteQty": "29.48496400",
        "time": 1629972267316,
        "isBuyerMaker": false,
        "isBestMatch": true
    },
    {
        "id": 3098444,
        "price": "2.61090000",
        "qty": "89.53000000",
        "quoteQty": "233.75387700",
        "time": 1629972275921,
        "isBuyerMaker": true,
        "isBestMatch": true
    },
    {
        "id": 3098445,
        "price": "2.61000000",
        "qty": "16.23000000",
        "quoteQty": "42.36030000",
        "time": 1629972275929,
        "isBuyerMaker": false,
        "isBestMatch": true
    },
    {
        "id": 3098446,
        "price": "2.61420000",
        "qty": "7.73000000",
        "quoteQty": "20.20776600",
        "time": 1629972278982,
        "isBuyerMaker": false,
        "isBestMatch": true
    },
    {
        "id": 3098447,
        "price": "2.61420000",
        "qty": "41.95000000",
        "quoteQty": "109.66569000",
        "time": 1629972313504,
        "isBuyerMaker": true,
        "isBestMatch": true
    },
    {
        "id": 3098448,
        "price": "2.61660000",
        "qty": "82.53000000",
        "quoteQty": "215.94799800",
        "time": 1629972318897,
        "isBuyerMaker": false,
        "isBestMatch": true
    },
    {
        "id": 3098449,
        "price": "2.61790000",
        "qty": "26.75000000",
        "quoteQty": "70.02882500",
        "time": 1629972318897,
        "isBuyerMaker": false,
        "isBestMatch": true
    },
    {
        "id": 3098450,
        "price": "2.61800000",
        "qty": "80.30000000",
        "quoteQty": "210.22540000",
        "time": 1629972318897,
        "isBuyerMaker": false,
        "isBestMatch": true
    },
    {
        "id": 3098451,
        "price": "2.61930000",
        "qty": "53.25000000",
        "quoteQty": "139.47772500",
        "time": 1629972318897,
        "isBuyerMaker": false,
        "isBestMatch": true
    },
    {
        "id": 3098452,
        "price": "2.62070000",
        "qty": "76.39000000",
        "quoteQty": "200.19527300",
        "time": 1629972318897,
        "isBuyerMaker": false,
        "isBestMatch": true
    },
    {
        "id": 3098453,
        "price": "2.62190000",
        "qty": "83.56000000",
        "quoteQty": "219.08596400",
        "time": 1629972318897,
        "isBuyerMaker": false,
        "isBestMatch": true
    },
    {
        "id": 3098454,
        "price": "2.62280000",
        "qty": "535.54000000",
        "quoteQty": "1404.61431200",
        "time": 1629972318897,
        "isBuyerMaker": false,
        "isBestMatch": true
    },
    {
        "id": 3098455,
        "price": "2.62290000",
        "qty": "7.70000000",
        "quoteQty": "20.19633000",
        "time": 1629972318897,
        "isBuyerMaker": false,
        "isBestMatch": true
    },
    {
        "id": 3098456,
        "price": "2.62290000",
        "qty": "213.21000000",
        "quoteQty": "559.22850900",
        "time": 1629972318897,
        "isBuyerMaker": false,
        "isBestMatch": true
    },
    {
        "id": 3098457,
        "price": "2.62570000",
        "qty": "120.98000000",
        "quoteQty": "317.65718600",
        "time": 1629972318897,
        "isBuyerMaker": false,
        "isBestMatch": true
    },
    {
        "id": 3098458,
        "price": "2.62580000",
        "qty": "626.68000000",
        "quoteQty": "1645.53634400",
        "time": 1629972318897,
        "isBuyerMaker": false,
        "isBestMatch": true
    },
    {
        "id": 3098459,
        "price": "2.60930000",
        "qty": "50.00000000",
        "quoteQty": "130.46500000",
        "time": 1629972333140,
        "isBuyerMaker": true,
        "isBestMatch": true
    },
    {
        "id": 3098460,
        "price": "2.60930000",
        "qty": "24.87000000",
        "quoteQty": "64.89329100",
        "time": 1629972333142,
        "isBuyerMaker": true,
        "isBestMatch": true
    },
    {
        "id": 3098461,
        "price": "2.60910000",
        "qty": "7.70000000",
        "quoteQty": "20.09007000",
        "time": 1629972333151,
        "isBuyerMaker": true,
        "isBestMatch": true
    },
    {
        "id": 3098462,
        "price": "2.60540000",
        "qty": "7.95000000",
        "quoteQty": "20.71293000",
        "time": 1629972336036,
        "isBuyerMaker": true,
        "isBestMatch": true
    },
    {
        "id": 3098463,
        "price": "2.60530000",
        "qty": "0.82000000",
        "quoteQty": "2.13634600",
        "time": 1629972336036,
        "isBuyerMaker": true,
        "isBestMatch": true
    },
    {
        "id": 3098464,
        "price": "2.60990000",
        "qty": "7.95000000",
        "quoteQty": "20.74870500",
        "time": 1629972452875,
        "isBuyerMaker": false,
        "isBestMatch": true
    },
    {
        "id": 3098465,
        "price": "2.61340000",
        "qty": "53.42000000",
        "quoteQty": "139.60782800",
        "time": 1629972453012,
        "isBuyerMaker": false,
        "isBestMatch": true
    },
    {
        "id": 3098466,
        "price": "2.60050000",
        "qty": "7.73000000",
        "quoteQty": "20.10186500",
        "time": 1629972551317,
        "isBuyerMaker": true,
        "isBestMatch": true
    },
    {
        "id": 3098467,
        "price": "2.60330000",
        "qty": "19.61000000",
        "quoteQty": "51.05071300",
        "time": 1629972598800,
        "isBuyerMaker": false,
        "isBestMatch": true
    },
    {
        "id": 3098468,
        "price": "2.60300000",
        "qty": "5.76000000",
        "quoteQty": "14.99328000",
        "time": 1629972619176,
        "isBuyerMaker": false,
        "isBestMatch": true
    },
    {
        "id": 3098469,
        "price": "2.60000000",
        "qty": "339.90000000",
        "quoteQty": "883.74000000",
        "time": 1629972794121,
        "isBuyerMaker": true,
        "isBestMatch": true
    },
    {
        "id": 3098470,
        "price": "2.60100000",
        "qty": "5.76000000",
        "quoteQty": "14.98176000",
        "time": 1629972841358,
        "isBuyerMaker": false,
        "isBestMatch": true
    },
    {
        "id": 3098471,
        "price": "2.59580000",
        "qty": "84.19000000",
        "quoteQty": "218.54040200",
        "time": 1629972842089,
        "isBuyerMaker": true,
        "isBestMatch": true
    },
    {
        "id": 3098472,
        "price": "2.59460000",
        "qty": "123.24000000",
        "quoteQty": "319.75850400",
        "time": 1629972842089,
        "isBuyerMaker": true,
        "isBestMatch": true
    },
    {
        "id": 3098473,
        "price": "2.60200000",
        "qty": "5.76000000",
        "quoteQty": "14.98752000",
        "time": 1629972946713,
        "isBuyerMaker": false,
        "isBestMatch": true
    },
    {
        "id": 3098474,
        "price": "2.59200000",
        "qty": "7.75000000",
        "quoteQty": "20.08800000",
        "time": 1629973057417,
        "isBuyerMaker": true,
        "isBestMatch": true
    },
    {
        "id": 3098475,
        "price": "2.58470000",
        "qty": "5.37000000",
        "quoteQty": "13.87983900",
        "time": 1629973101553,
        "isBuyerMaker": true,
        "isBestMatch": true
    },
    {
        "id": 3098476,
        "price": "2.58470000",
        "qty": "19.61000000",
        "quoteQty": "50.68596700",
        "time": 1629973107678,
        "isBuyerMaker": true,
        "isBestMatch": true
    },
    {
        "id": 3098477,
        "price": "2.58350000",
        "qty": "7.78000000",
        "quoteQty": "20.09963000",
        "time": 1629973180411,
        "isBuyerMaker": true,
        "isBestMatch": true
    },
    {
        "id": 3098478,
        "price": "2.59710000",
        "qty": "7.78000000",
        "quoteQty": "20.20543800",
        "time": 1629973368955,
        "isBuyerMaker": false,
        "isBestMatch": true
    },
    {
        "id": 3098479,
        "price": "2.60500000",
        "qty": "5.75000000",
        "quoteQty": "14.97875000",
        "time": 1629973371193,
        "isBuyerMaker": false,
        "isBestMatch": true
    },
    {
        "id": 3098480,
        "price": "2.60570000",
        "qty": "1.95000000",
        "quoteQty": "5.08111500",
        "time": 1629973371193,
        "isBuyerMaker": false,
        "isBestMatch": true
    },
    {
        "id": 3098481,
        "price": "2.60570000",
        "qty": "5.80000000",
        "quoteQty": "15.11306000",
        "time": 1629973394395,
        "isBuyerMaker": false,
        "isBestMatch": true
    },
    {
        "id": 3098482,
        "price": "2.60140000",
        "qty": "87.62000000",
        "quoteQty": "227.93466800",
        "time": 1629973409273,
        "isBuyerMaker": true,
        "isBestMatch": true
    },
    {
        "id": 3098483,
        "price": "2.60140000",
        "qty": "49.12000000",
        "quoteQty": "127.78076800",
        "time": 1629973568434,
        "isBuyerMaker": true,
        "isBestMatch": true
    },
    {
        "id": 3098484,
        "price": "2.60500000",
        "qty": "5.75000000",
        "quoteQty": "14.97875000",
        "time": 1629973600034,
        "isBuyerMaker": false,
        "isBestMatch": true
    },
    {
        "id": 3098485,
        "price": "2.60690000",
        "qty": "119.84000000",
        "quoteQty": "312.41089600",
        "time": 1629973600034,
        "isBuyerMaker": false,
        "isBestMatch": true
    },
    {
        "id": 3098486,
        "price": "2.60740000",
        "qty": "87.29000000",
        "quoteQty": "227.59994600",
        "time": 1629973600047,
        "isBuyerMaker": false,
        "isBestMatch": true
    },
    {
        "id": 3098487,
        "price": "2.61040000",
        "qty": "6.66000000",
        "quoteQty": "17.38526400",
        "time": 1629973665050,
        "isBuyerMaker": true,
        "isBestMatch": true
    },
    {
        "id": 3098488,
        "price": "2.61370000",
        "qty": "163.17000000",
        "quoteQty": "426.47742900",
        "time": 1629973689432,
        "isBuyerMaker": false,
        "isBestMatch": true
    },
    {
        "id": 3098489,
        "price": "2.61300000",
        "qty": "5.74000000",
        "quoteQty": "14.99862000",
        "time": 1629973813826,
        "isBuyerMaker": false,
        "isBestMatch": true
    },
    {
        "id": 3098490,
        "price": "2.61420000",
        "qty": "7.73000000",
        "quoteQty": "20.20776600",
        "time": 1629973818061,
        "isBuyerMaker": false,
        "isBestMatch": true
    },
    {
        "id": 3098491,
        "price": "2.62100000",
        "qty": "5.72000000",
        "quoteQty": "14.99212000",
        "time": 1629973883749,
        "isBuyerMaker": false,
        "isBestMatch": true
    },
    {
        "id": 3098492,
        "price": "2.62290000",
        "qty": "7.70000000",
        "quoteQty": "20.19633000",
        "time": 1629973885690,
        "isBuyerMaker": false,
        "isBestMatch": true
    },
    {
        "id": 3098493,
        "price": "2.62620000",
        "qty": "31.44000000",
        "quoteQty": "82.56772800",
        "time": 1629973894476,
        "isBuyerMaker": true,
        "isBestMatch": true
    },
    {
        "id": 3098494,
        "price": "2.62620000",
        "qty": "54.58000000",
        "quoteQty": "143.33799600",
        "time": 1629973894477,
        "isBuyerMaker": true,
        "isBestMatch": true
    },
    {
        "id": 3098495,
        "price": "2.62600000",
        "qty": "52.97000000",
        "quoteQty": "139.09922000",
        "time": 1629973894496,
        "isBuyerMaker": true,
        "isBestMatch": true
    },
    {
        "id": 3098496,
        "price": "2.63150000",
        "qty": "7.68000000",
        "quoteQty": "20.20992000",
        "time": 1629973973003,
        "isBuyerMaker": false,
        "isBestMatch": true
    },
    {
        "id": 3098497,
        "price": "2.63280000",
        "qty": "8.71000000",
        "quoteQty": "22.93168800",
        "time": 1629973975714,
        "isBuyerMaker": false,
        "isBestMatch": true
    },
    {
        "id": 3098498,
        "price": "2.63310000",
        "qty": "11.23000000",
        "quoteQty": "29.56971300",
        "time": 1629973975714,
        "isBuyerMaker": false,
        "isBestMatch": true
    },
    {
        "id": 3098499,
        "price": "2.63450000",
        "qty": "82.24000000",
        "quoteQty": "216.66128000",
        "time": 1629973976486,
        "isBuyerMaker": true,
        "isBestMatch": true
    },
    {
        "id": 3098500,
        "price": "2.63450000",
        "qty": "99.87000000",
        "quoteQty": "263.10751500",
        "time": 1629973996699,
        "isBuyerMaker": true,
        "isBestMatch": true
    },
    {
        "id": 3098501,
        "price": "2.63000000",
        "qty": "102.17000000",
        "quoteQty": "268.70710000",
        "time": 1629974013974,
        "isBuyerMaker": true,
        "isBestMatch": true
    },
    {
        "id": 3098502,
        "price": "2.62480000",
        "qty": "7.70000000",
        "quoteQty": "20.21096000",
        "time": 1629974015932,
        "isBuyerMaker": true,
        "isBestMatch": true
    },
    {
        "id": 3098503,
        "price": "2.62600000",
        "qty": "85.90000000",
        "quoteQty": "225.57340000",
        "time": 1629974018311,
        "isBuyerMaker": true,
        "isBestMatch": true
    },
    {
        "id": 3098504,
        "price": "2.62520000",
        "qty": "69.44000000",
        "quoteQty": "182.29388800",
        "time": 1629974018311,
        "isBuyerMaker": true,
        "isBestMatch": true
    },
    {
        "id": 3098505,
        "price": "2.62590000",
        "qty": "83.56000000",
        "quoteQty": "219.42020400",
        "time": 1629974059386,
        "isBuyerMaker": true,
        "isBestMatch": true
    },
    {
        "id": 3098506,
        "price": "2.62460000",
        "qty": "52.89000000",
        "quoteQty": "138.81509400",
        "time": 1629974059404,
        "isBuyerMaker": true,
        "isBestMatch": true
    },
    {
        "id": 3098507,
        "price": "2.63600000",
        "qty": "5.69000000",
        "quoteQty": "14.99884000",
        "time": 1629974127312,
        "isBuyerMaker": false,
        "isBestMatch": true
    },
    {
        "id": 3098508,
        "price": "2.63610000",
        "qty": "70.51000000",
        "quoteQty": "185.87141100",
        "time": 1629974127312,
        "isBuyerMaker": false,
        "isBestMatch": true
    },
    {
        "id": 3098509,
        "price": "2.62890000",
        "qty": "545.08000000",
        "quoteQty": "1432.96081200",
        "time": 1629974171865,
        "isBuyerMaker": true,
        "isBestMatch": true
    },
    {
        "id": 3098510,
        "price": "2.64010000",
        "qty": "7.65000000",
        "quoteQty": "20.19676500",
        "time": 1629974351755,
        "isBuyerMaker": false,
        "isBestMatch": true
    },
    {
        "id": 3098511,
        "price": "2.64410000",
        "qty": "82.94000000",
        "quoteQty": "219.30165400",
        "time": 1629974361515,
        "isBuyerMaker": false,
        "isBestMatch": true
    },
    {
        "id": 3098512,
        "price": "2.64490000",
        "qty": "34.28000000",
        "quoteQty": "90.66717200",
        "time": 1629974361515,
        "isBuyerMaker": false,
        "isBestMatch": true
    },
    {
        "id": 3098513,
        "price": "2.64500000",
        "qty": "52.56000000",
        "quoteQty": "139.02120000",
        "time": 1629974361515,
        "isBuyerMaker": false,
        "isBestMatch": true
    },
    {
        "id": 3098514,
        "price": "2.63600000",
        "qty": "19.53000000",
        "quoteQty": "51.48108000",
        "time": 1629974432301,
        "isBuyerMaker": true,
        "isBestMatch": true
    },
    {
        "id": 3098515,
        "price": "2.64200000",
        "qty": "3.80000000",
        "quoteQty": "10.03960000",
        "time": 1629974445396,
        "isBuyerMaker": false,
        "isBestMatch": true
    },
    {
        "id": 3098516,
        "price": "2.63600000",
        "qty": "367.94000000",
        "quoteQty": "969.88984000",
        "time": 1629974452228,
        "isBuyerMaker": true,
        "isBestMatch": true
    },
    {
        "id": 3098517,
        "price": "2.63600000",
        "qty": "21.38000000",
        "quoteQty": "56.35768000",
        "time": 1629974452228,
        "isBuyerMaker": true,
        "isBestMatch": true
    },
    {
        "id": 3098518,
        "price": "2.64040000",
        "qty": "7.57000000",
        "quoteQty": "19.98782800",
        "time": 1629974475512,
        "isBuyerMaker": false,
        "isBestMatch": true
    },
    {
        "id": 3098519,
        "price": "2.63020000",
        "qty": "21.38000000",
        "quoteQty": "56.23367600",
        "time": 1629974574899,
        "isBuyerMaker": true,
        "isBestMatch": true
    },
    {
        "id": 3098520,
        "price": "2.63020000",
        "qty": "50.00000000",
        "quoteQty": "131.51000000",
        "time": 1629974623396,
        "isBuyerMaker": false,
        "isBestMatch": true
    },
    {
        "id": 3098521,
        "price": "2.63020000",
        "qty": "50.00000000",
        "quoteQty": "131.51000000",
        "time": 1629974623407,
        "isBuyerMaker": false,
        "isBestMatch": true
    },
    {
        "id": 3098522,
        "price": "2.63020000",
        "qty": "19.61000000",
        "quoteQty": "51.57822200",
        "time": 1629974623459,
        "isBuyerMaker": false,
        "isBestMatch": true
    },
    {
        "id": 3098523,
        "price": "2.62970000",
        "qty": "100.00000000",
        "quoteQty": "262.97000000",
        "time": 1629974632036,
        "isBuyerMaker": true,
        "isBestMatch": true
    },
    {
        "id": 3098524,
        "price": "2.62970000",
        "qty": "100.00000000",
        "quoteQty": "262.97000000",
        "time": 1629974632037,
        "isBuyerMaker": true,
        "isBestMatch": true
    },
    {
        "id": 3098525,
        "price": "2.62970000",
        "qty": "50.00000000",
        "quoteQty": "131.48500000",
        "time": 1629974632039,
        "isBuyerMaker": true,
        "isBestMatch": true
    },
    {
        "id": 3098526,
        "price": "2.62970000",
        "qty": "13.22000000",
        "quoteQty": "34.76463400",
        "time": 1629974632041,
        "isBuyerMaker": true,
        "isBestMatch": true
    },
    {
        "id": 3098527,
        "price": "2.62970000",
        "qty": "236.78000000",
        "quoteQty": "622.66036600",
        "time": 1629974632041,
        "isBuyerMaker": true,
        "isBestMatch": true
    },
    {
        "id": 3098528,
        "price": "2.62970000",
        "qty": "114.69000000",
        "quoteQty": "301.60029300",
        "time": 1629974632052,
        "isBuyerMaker": true,
        "isBestMatch": true
    },
    {
        "id": 3098529,
        "price": "2.62970000",
        "qty": "151.12000000",
        "quoteQty": "397.40026400",
        "time": 1629974632054,
        "isBuyerMaker": true,
        "isBestMatch": true
    },
    {
        "id": 3098530,
        "price": "2.62970000",
        "qty": "98.88000000",
        "quoteQty": "260.02473600",
        "time": 1629974632094,
        "isBuyerMaker": true,
        "isBestMatch": true
    },
    {
        "id": 3098531,
        "price": "2.62630000",
        "qty": "7.65000000",
        "quoteQty": "20.09119500",
        "time": 1629974644961,
        "isBuyerMaker": true,
        "isBestMatch": true
    },
    {
        "id": 3098532,
        "price": "2.62630000",
        "qty": "114.22000000",
        "quoteQty": "299.97598600",
        "time": 1629974644961,
        "isBuyerMaker": true,
        "isBestMatch": true
    },
    {
        "id": 3098533,
        "price": "2.62630000",
        "qty": "512.07000000",
        "quoteQty": "1344.84944100",
        "time": 1629974644968,
        "isBuyerMaker": false,
        "isBestMatch": true
    },
    {
        "id": 3098534,
        "price": "2.62630000",
        "qty": "1126.52000000",
        "quoteQty": "2958.57947600",
        "time": 1629974644971,
        "isBuyerMaker": false,
        "isBestMatch": true
    },
    {
        "id": 3098535,
        "price": "2.63020000",
        "qty": "50.00000000",
        "quoteQty": "131.51000000",
        "time": 1629974664311,
        "isBuyerMaker": false,
        "isBestMatch": true
    },
    {
        "id": 3098536,
        "price": "2.63370000",
        "qty": "75.09000000",
        "quoteQty": "197.76453300",
        "time": 1629974726485,
        "isBuyerMaker": false,
        "isBestMatch": true
    },
    {
        "id": 3098537,
        "price": "2.63500000",
        "qty": "5.69000000",
        "quoteQty": "14.99315000",
        "time": 1629974726485,
        "isBuyerMaker": false,
        "isBestMatch": true
    },
    {
        "id": 3098538,
        "price": "2.63570000",
        "qty": "33.07000000",
        "quoteQty": "87.16259900",
        "time": 1629974726485,
        "isBuyerMaker": false,
        "isBestMatch": true
    },
    {
        "id": 3098539,
        "price": "2.62660000",
        "qty": "50.00000000",
        "quoteQty": "131.33000000",
        "time": 1629974741286,
        "isBuyerMaker": true,
        "isBestMatch": true
    },
    {
        "id": 3098540,
        "price": "2.62660000",
        "qty": "14.05000000",
        "quoteQty": "36.90373000",
        "time": 1629974741295,
        "isBuyerMaker": true,
        "isBestMatch": true
    },
    {
        "id": 3098541,
        "price": "2.62660000",
        "qty": "14.05000000",
        "quoteQty": "36.90373000",
        "time": 1629974741307,
        "isBuyerMaker": true,
        "isBestMatch": true
    },
    {
        "id": 3098542,
        "price": "2.62660000",
        "qty": "35.95000000",
        "quoteQty": "94.42627000",
        "time": 1629974741909,
        "isBuyerMaker": true,
        "isBestMatch": true
    },
    {
        "id": 3098543,
        "price": "2.62570000",
        "qty": "5.96000000",
        "quoteQty": "15.64917200",
        "time": 1629974754360,
        "isBuyerMaker": false,
        "isBestMatch": true
    },
    {
        "id": 3098544,
        "price": "2.61770000",
        "qty": "7.68000000",
        "quoteQty": "20.10393600",
        "time": 1629974831110,
        "isBuyerMaker": true,
        "isBestMatch": true
    },
    {
        "id": 3098545,
        "price": "2.61750000",
        "qty": "89.72000000",
        "quoteQty": "234.84210000",
        "time": 1629974831118,
        "isBuyerMaker": true,
        "isBestMatch": true
    },
    {
        "id": 3098546,
        "price": "2.60980000",
        "qty": "163.01000000",
        "quoteQty": "425.42349800",
        "time": 1629974860042,
        "isBuyerMaker": false,
        "isBestMatch": true
    },
    {
        "id": 3098547,
        "price": "2.62790000",
        "qty": "21.15000000",
        "quoteQty": "55.58008500",
        "time": 1629974937903,
        "isBuyerMaker": false,
        "isBestMatch": true
    },
    {
        "id": 3098548,
        "price": "2.62790000",
        "qty": "3.84000000",
        "quoteQty": "10.09113600",
        "time": 1629974938161,
        "isBuyerMaker": false,
        "isBestMatch": true
    },
    {
        "id": 3098549,
        "price": "2.62720000",
        "qty": "74.71000000",
        "quoteQty": "196.27811200",
        "time": 1629974971746,
        "isBuyerMaker": false,
        "isBestMatch": true
    },
    {
        "id": 3098550,
        "price": "2.62790000",
        "qty": "646.81000000",
        "quoteQty": "1699.75199900",
        "time": 1629974971758,
        "isBuyerMaker": true,
        "isBestMatch": true
    },
    {
        "id": 3098551,
        "price": "2.62790000",
        "qty": "195.75000000",
        "quoteQty": "514.41142500",
        "time": 1629974972733,
        "isBuyerMaker": true,
        "isBestMatch": true
    },
    {
        "id": 3098552,
        "price": "2.62950000",
        "qty": "57.15000000",
        "quoteQty": "150.27592500",
        "time": 1629975026330,
        "isBuyerMaker": false,
        "isBestMatch": true
    },
    {
        "id": 3098553,
        "price": "2.61130000",
        "qty": "4.95000000",
        "quoteQty": "12.92593500",
        "time": 1629975227465,
        "isBuyerMaker": true,
        "isBestMatch": true
    },
    {
        "id": 3098554,
        "price": "2.61130000",
        "qty": "50.00000000",
        "quoteQty": "130.56500000",
        "time": 1629975249180,
        "isBuyerMaker": false,
        "isBestMatch": true
    },
    {
        "id": 3098555,
        "price": "2.61130000",
        "qty": "145.55000000",
        "quoteQty": "380.07471500",
        "time": 1629975249180,
        "isBuyerMaker": false,
        "isBestMatch": true
    },
    {
        "id": 3098556,
        "price": "2.61560000",
        "qty": "3.88000000",
        "quoteQty": "10.14852800",
        "time": 1629975306639,
        "isBuyerMaker": false,
        "isBestMatch": true
    },
    {
        "id": 3098557,
        "price": "2.61800000",
        "qty": "82.27000000",
        "quoteQty": "215.38286000",
        "time": 1629975306639,
        "isBuyerMaker": false,
        "isBestMatch": true
    },
    {
        "id": 3098558,
        "price": "2.61870000",
        "qty": "30.04000000",
        "quoteQty": "78.66574800",
        "time": 1629975306639,
        "isBuyerMaker": false,
        "isBestMatch": true
    },
    {
        "id": 3098559,
        "price": "2.61870000",
        "qty": "56.65000000",
        "quoteQty": "148.34935500",
        "time": 1629975306647,
        "isBuyerMaker": false,
        "isBestMatch": true
    },
    {
        "id": 3098560,
        "price": "2.61870000",
        "qty": "135.48000000",
        "quoteQty": "354.78147600",
        "time": 1629975403357,
        "isBuyerMaker": true,
        "isBestMatch": true
    },
    {
        "id": 3098561,
        "price": "2.61870000",
        "qty": "104.42000000",
        "quoteQty": "273.44465400",
        "time": 1629975423192,
        "isBuyerMaker": true,
        "isBestMatch": true
    },
    {
        "id": 3098562,
        "price": "2.61870000",
        "qty": "50.00000000",
        "quoteQty": "130.93500000",
        "time": 1629975423326,
        "isBuyerMaker": true,
        "isBestMatch": true
    },
    {
        "id": 3098563,
        "price": "2.61870000",
        "qty": "100.00000000",
        "quoteQty": "261.87000000",
        "time": 1629975428115,
        "isBuyerMaker": true,
        "isBestMatch": true
    },
    {
        "id": 3098564,
        "price": "2.61870000",
        "qty": "250.00000000",
        "quoteQty": "654.67500000",
        "time": 1629975428118,
        "isBuyerMaker": true,
        "isBestMatch": true
    },
    {
        "id": 3098565,
        "price": "2.61870000",
        "qty": "50.00000000",
        "quoteQty": "130.93500000",
        "time": 1629975428159,
        "isBuyerMaker": true,
        "isBestMatch": true
    },
    {
        "id": 3098566,
        "price": "2.61870000",
        "qty": "50.00000000",
        "quoteQty": "130.93500000",
        "time": 1629975428172,
        "isBuyerMaker": true,
        "isBestMatch": true
    },
    {
        "id": 3098567,
        "price": "2.61870000",
        "qty": "253.31000000",
        "quoteQty": "663.34289700",
        "time": 1629975428240,
        "isBuyerMaker": true,
        "isBestMatch": true
    },
    {
        "id": 3098568,
        "price": "2.61870000",
        "qty": "75.68000000",
        "quoteQty": "198.18321600",
        "time": 1629975428738,
        "isBuyerMaker": true,
        "isBestMatch": true
    },
    {
        "id": 3098569,
        "price": "2.61870000",
        "qty": "50.00000000",
        "quoteQty": "130.93500000",
        "time": 1629975429067,
        "isBuyerMaker": true,
        "isBestMatch": true
    },
    {
        "id": 3098570,
        "price": "2.61870000",
        "qty": "37.64000000",
        "quoteQty": "98.56786800",
        "time": 1629975429083,
        "isBuyerMaker": true,
        "isBestMatch": true
    },
    {
        "id": 3098571,
        "price": "2.61870000",
        "qty": "11.27000000",
        "quoteQty": "29.51274900",
        "time": 1629975429340,
        "isBuyerMaker": true,
        "isBestMatch": true
    },
    {
        "id": 3098572,
        "price": "2.61870000",
        "qty": "628.95000000",
        "quoteQty": "1647.03136500",
        "time": 1629975429347,
        "isBuyerMaker": true,
        "isBestMatch": true
    },
    {
        "id": 3098573,
        "price": "2.61870000",
        "qty": "111.07000000",
        "quoteQty": "290.85900900",
        "time": 1629975429374,
        "isBuyerMaker": true,
        "isBestMatch": true
    },
    {
        "id": 3098574,
        "price": "2.61870000",
        "qty": "127.66000000",
        "quoteQty": "334.30324200",
        "time": 1629975429442,
        "isBuyerMaker": true,
        "isBestMatch": true
    },
    {
        "id": 3098575,
        "price": "2.61180000",
        "qty": "83.10000000",
        "quoteQty": "217.04058000",
        "time": 1629975440512,
        "isBuyerMaker": true,
        "isBestMatch": true
    },
    {
        "id": 3098576,
        "price": "2.61180000",
        "qty": "4.79000000",
        "quoteQty": "12.51052200",
        "time": 1629975440520,
        "isBuyerMaker": false,
        "isBestMatch": true
    },
    {
        "id": 3098577,
        "price": "2.61180000",
        "qty": "78.32000000",
        "quoteQty": "204.55617600",
        "time": 1629975465280,
        "isBuyerMaker": true,
        "isBestMatch": true
    },
    {
        "id": 3098578,
        "price": "2.61180000",
        "qty": "300.49000000",
        "quoteQty": "784.81978200",
        "time": 1629975465287,
        "isBuyerMaker": false,
        "isBestMatch": true
    },
    {
        "id": 3098579,
        "price": "2.62220000",
        "qty": "34.50000000",
        "quoteQty": "90.46590000",
        "time": 1629975485687,
        "isBuyerMaker": false,
        "isBestMatch": true
    },
    {
        "id": 3098580,
        "price": "2.63150000",
        "qty": "7.68000000",
        "quoteQty": "20.20992000",
        "time": 1629975589325,
        "isBuyerMaker": false,
        "isBestMatch": true
    },
    {
        "id": 3098581,
        "price": "2.61900000",
        "qty": "29.97000000",
        "quoteQty": "78.49143000",
        "time": 1629975678096,
        "isBuyerMaker": true,
        "isBestMatch": true
    },
    {
        "id": 3098582,
        "price": "2.61770000",
        "qty": "7.68000000",
        "quoteQty": "20.10393600",
        "time": 1629975698180,
        "isBuyerMaker": true,
        "isBestMatch": true
    },
    {
        "id": 3098583,
        "price": "2.61770000",
        "qty": "142.32000000",
        "quoteQty": "372.55106400",
        "time": 1629975698180,
        "isBuyerMaker": true,
        "isBestMatch": true
    },
    {
        "id": 3098584,
        "price": "2.61770000",
        "qty": "13.34000000",
        "quoteQty": "34.92011800",
        "time": 1629975698180,
        "isBuyerMaker": true,
        "isBestMatch": true
    },
    {
        "id": 3098585,
        "price": "2.63150000",
        "qty": "7.68000000",
        "quoteQty": "20.20992000",
        "time": 1629975752967,
        "isBuyerMaker": false,
        "isBestMatch": true
    },
    {
        "id": 3098586,
        "price": "2.62510000",
        "qty": "81.74000000",
        "quoteQty": "214.57567400",
        "time": 1629975782572,
        "isBuyerMaker": true,
        "isBestMatch": true
    },
    {
        "id": 3098587,
        "price": "2.62510000",
        "qty": "73.76000000",
        "quoteQty": "193.62737600",
        "time": 1629975782603,
        "isBuyerMaker": false,
        "isBestMatch": true
    },
    {
        "id": 3098588,
        "price": "2.62830000",
        "qty": "4.19000000",
        "quoteQty": "11.01257700",
        "time": 1629975896373,
        "isBuyerMaker": true,
        "isBestMatch": true
    },
    {
        "id": 3098589,
        "price": "2.62830000",
        "qty": "31.47000000",
        "quoteQty": "82.71260100",
        "time": 1629975960377,
        "isBuyerMaker": false,
        "isBestMatch": true
    },
    {
        "id": 3098590,
        "price": "2.63960000",
        "qty": "90.01000000",
        "quoteQty": "237.59039600",
        "time": 1629976116643,
        "isBuyerMaker": false,
        "isBestMatch": true
    },
    {
        "id": 3098591,
        "price": "2.64000000",
        "qty": "167.99000000",
        "quoteQty": "443.49360000",
        "time": 1629976116643,
        "isBuyerMaker": false,
        "isBestMatch": true
    },
    {
        "id": 3098592,
        "price": "2.64000000",
        "qty": "298.53000000",
        "quoteQty": "788.11920000",
        "time": 1629976116643,
        "isBuyerMaker": false,
        "isBestMatch": true
    },
    {
        "id": 3098593,
        "price": "2.64010000",
        "qty": "7.65000000",
        "quoteQty": "20.19676500",
        "time": 1629976116643,
        "isBuyerMaker": false,
        "isBestMatch": true
    },
    {
        "id": 3098594,
        "price": "2.64010000",
        "qty": "1200.00000000",
        "quoteQty": "3168.12000000",
        "time": 1629976116651,
        "isBuyerMaker": true,
        "isBestMatch": true
    },
    {
        "id": 3098595,
        "price": "2.64010000",
        "qty": "127.36000000",
        "quoteQty": "336.24313600",
        "time": 1629976116760,
        "isBuyerMaker": true,
        "isBestMatch": true
    },
    {
        "id": 3098596,
        "price": "2.64670000",
        "qty": "74.61000000",
        "quoteQty": "197.47028700",
        "time": 1629976155348,
        "isBuyerMaker": false,
        "isBestMatch": true
    },
    {
        "id": 3098597,
        "price": "2.64740000",
        "qty": "5.35000000",
        "quoteQty": "14.16359000",
        "time": 1629976155386,
        "isBuyerMaker": false,
        "isBestMatch": true
    },
    {
        "id": 3098598,
        "price": "2.64740000",
        "qty": "239.68000000",
        "quoteQty": "634.52883200",
        "time": 1629976155386,
        "isBuyerMaker": false,
        "isBestMatch": true
    },
    {
        "id": 3098599,
        "price": "2.64880000",
        "qty": "1.87000000",
        "quoteQty": "4.95325600",
        "time": 1629976179196,
        "isBuyerMaker": false,
        "isBestMatch": true
    },
    {
        "id": 3098600,
        "price": "2.65200000",
        "qty": "5.65000000",
        "quoteQty": "14.98380000",
        "time": 1629976179196,
        "isBuyerMaker": false,
        "isBestMatch": true
    },
    {
        "id": 3098601,
        "price": "2.65400000",
        "qty": "102.06000000",
        "quoteQty": "270.86724000",
        "time": 1629976179196,
        "isBuyerMaker": false,
        "isBestMatch": true
    },
    {
        "id": 3098602,
        "price": "2.65750000",
        "qty": "7.60000000",
        "quoteQty": "20.19700000",
        "time": 1629976194036,
        "isBuyerMaker": false,
        "isBestMatch": true
    },
    {
        "id": 3098603,
        "price": "2.65800000",
        "qty": "30.00000000",
        "quoteQty": "79.74000000",
        "time": 1629976204568,
        "isBuyerMaker": true,
        "isBestMatch": true
    },
    {
        "id": 3098604,
        "price": "2.65260000",
        "qty": "56.54000000",
        "quoteQty": "149.97800400",
        "time": 1629976263563,
        "isBuyerMaker": true,
        "isBestMatch": true
    },
    {
        "id": 3098605,
        "price": "2.64530000",
        "qty": "38.27000000",
        "quoteQty": "101.23563100",
        "time": 1629976265383,
        "isBuyerMaker": true,
        "isBestMatch": true
    },
    {
        "id": 3098606,
        "price": "2.65600000",
        "qty": "51.19000000",
        "quoteQty": "135.96064000",
        "time": 1629976268682,
        "isBuyerMaker": false,
        "isBestMatch": true
    },
    {
        "id": 3098607,
        "price": "2.65760000",
        "qty": "106.71000000",
        "quoteQty": "283.59249600",
        "time": 1629976268692,
        "isBuyerMaker": true,
        "isBestMatch": true
    },
    {
        "id": 3098608,
        "price": "2.65000000",
        "qty": "20.00000000",
        "quoteQty": "53.00000000",
        "time": 1629976384800,
        "isBuyerMaker": true,
        "isBestMatch": true
    },
    {
        "id": 3098609,
        "price": "2.64900000",
        "qty": "5.66000000",
        "quoteQty": "14.99334000",
        "time": 1629976398020,
        "isBuyerMaker": false,
        "isBestMatch": true
    },
    {
        "id": 3098610,
        "price": "2.65570000",
        "qty": "86.30000000",
        "quoteQty": "229.18691000",
        "time": 1629976423251,
        "isBuyerMaker": false,
        "isBestMatch": true
    },
    {
        "id": 3098611,
        "price": "2.65200000",
        "qty": "5.65000000",
        "quoteQty": "14.98380000",
        "time": 1629976442939,
        "isBuyerMaker": false,
        "isBestMatch": true
    },
    {
        "id": 3098612,
        "price": "2.65700000",
        "qty": "5.64000000",
        "quoteQty": "14.98548000",
        "time": 1629976450298,
        "isBuyerMaker": false,
        "isBestMatch": true
    },
    {
        "id": 3098613,
        "price": "2.65820000",
        "qty": "51.61000000",
        "quoteQty": "137.18970200",
        "time": 1629976459343,
        "isBuyerMaker": false,
        "isBestMatch": true
    },
    {
        "id": 3098614,
        "price": "2.65780000",
        "qty": "21.02000000",
        "quoteQty": "55.86695600",
        "time": 1629976463149,
        "isBuyerMaker": false,
        "isBestMatch": true
    },
    {
        "id": 3098615,
        "price": "2.65590000",
        "qty": "75.32000000",
        "quoteQty": "200.04238800",
        "time": 1629976511375,
        "isBuyerMaker": false,
        "isBestMatch": true
    },
    {
        "id": 3098616,
        "price": "2.65720000",
        "qty": "52.45000000",
        "quoteQty": "139.37014000",
        "time": 1629976511375,
        "isBuyerMaker": false,
        "isBestMatch": true
    },
    {
        "id": 3098617,
        "price": "2.65780000",
        "qty": "23.04000000",
        "quoteQty": "61.23571200",
        "time": 1629976511385,
        "isBuyerMaker": true,
        "isBestMatch": true
    },
    {
        "id": 3098618,
        "price": "2.65780000",
        "qty": "0.33000000",
        "quoteQty": "0.87707400",
        "time": 1629976511391,
        "isBuyerMaker": true,
        "isBestMatch": true
    },
    {
        "id": 3098619,
        "price": "2.64490000",
        "qty": "23.04000000",
        "quoteQty": "60.93849600",
        "time": 1629976511404,
        "isBuyerMaker": true,
        "isBestMatch": true
    },
    {
        "id": 3098620,
        "price": "2.64620000",
        "qty": "7.59000000",
        "quoteQty": "20.08465800",
        "time": 1629976511682,
        "isBuyerMaker": true,
        "isBestMatch": true
    },
    {
        "id": 3098621,
        "price": "2.64970000",
        "qty": "5.12000000",
        "quoteQty": "13.56646400",
        "time": 1629976538829,
        "isBuyerMaker": false,
        "isBestMatch": true
    },
    {
        "id": 3098622,
        "price": "2.65500000",
        "qty": "5.64000000",
        "quoteQty": "14.97420000",
        "time": 1629976700993,
        "isBuyerMaker": false,
        "isBestMatch": true
    },
    {
        "id": 3098623,
        "price": "2.66000000",
        "qty": "5.63000000",
        "quoteQty": "14.97580000",
        "time": 1629976715758,
        "isBuyerMaker": false,
        "isBestMatch": true
    },
    {
        "id": 3098624,
        "price": "2.66070000",
        "qty": "39.56000000",
        "quoteQty": "105.25729200",
        "time": 1629976760345,
        "isBuyerMaker": false,
        "isBestMatch": true
    },
    {
        "id": 3098625,
        "price": "2.66630000",
        "qty": "7.58000000",
        "quoteQty": "20.21055400",
        "time": 1629976760715,
        "isBuyerMaker": false,
        "isBestMatch": true
    },
    {
        "id": 3098626,
        "price": "2.67500000",
        "qty": "7.55000000",
        "quoteQty": "20.19625000",
        "time": 1629976780619,
        "isBuyerMaker": false,
        "isBestMatch": true
    },
    {
        "id": 3098627,
        "price": "2.67020000",
        "qty": "5.08000000",
        "quoteQty": "13.56461600",
        "time": 1629976781866,
        "isBuyerMaker": true,
        "isBestMatch": true
    },
    {
        "id": 3098628,
        "price": "2.67500000",
        "qty": "5.60000000",
        "quoteQty": "14.98000000",
        "time": 1629976824335,
        "isBuyerMaker": false,
        "isBestMatch": true
    },
    {
        "id": 3098629,
        "price": "2.66960000",
        "qty": "269.64000000",
        "quoteQty": "719.83094400",
        "time": 1629976876983,
        "isBuyerMaker": true,
        "isBestMatch": true
    },
    {
        "id": 3098630,
        "price": "2.67500000",
        "qty": "5.60000000",
        "quoteQty": "14.98000000",
        "time": 1629976897970,
        "isBuyerMaker": false,
        "isBestMatch": true
    },
    {
        "id": 3098631,
        "price": "2.67560000",
        "qty": "52.22000000",
        "quoteQty": "139.71983200",
        "time": 1629976911366,
        "isBuyerMaker": false,
        "isBestMatch": true
    },
    {
        "id": 3098632,
        "price": "2.67090000",
        "qty": "20.92000000",
        "quoteQty": "55.87522800",
        "time": 1629977039701,
        "isBuyerMaker": false,
        "isBestMatch": true
    },
    {
        "id": 3098633,
        "price": "2.66370000",
        "qty": "6.74000000",
        "quoteQty": "17.95333800",
        "time": 1629977054769,
        "isBuyerMaker": true,
        "isBestMatch": true
    },
    {
        "id": 3098634,
        "price": "2.66240000",
        "qty": "15.23000000",
        "quoteQty": "40.54835200",
        "time": 1629977054858,
        "isBuyerMaker": true,
        "isBestMatch": true
    },
    {
        "id": 3098635,
        "price": "2.66100000",
        "qty": "7.55000000",
        "quoteQty": "20.09055000",
        "time": 1629977170756,
        "isBuyerMaker": true,
        "isBestMatch": true
    },
    {
        "id": 3098636,
        "price": "2.66060000",
        "qty": "50.00000000",
        "quoteQty": "133.03000000",
        "time": 1629977170787,
        "isBuyerMaker": true,
        "isBestMatch": true
    },
    {
        "id": 3098637,
        "price": "2.66060000",
        "qty": "32.03000000",
        "quoteQty": "85.21901800",
        "time": 1629977171149,
        "isBuyerMaker": true,
        "isBestMatch": true
    },
    {
        "id": 3098638,
        "price": "2.66060000",
        "qty": "24.44000000",
        "quoteQty": "65.02506400",
        "time": 1629977171159,
        "isBuyerMaker": true,
        "isBestMatch": true
    },
    {
        "id": 3098639,
        "price": "2.66060000",
        "qty": "16.90000000",
        "quoteQty": "44.96414000",
        "time": 1629977171451,
        "isBuyerMaker": true,
        "isBestMatch": true
    },
    {
        "id": 3098640,
        "price": "2.66060000",
        "qty": "5.06000000",
        "quoteQty": "13.46263600",
        "time": 1629977171550,
        "isBuyerMaker": true,
        "isBestMatch": true
    },
    {
        "id": 3098641,
        "price": "2.66060000",
        "qty": "7.56000000",
        "quoteQty": "20.11413600",
        "time": 1629977179850,
        "isBuyerMaker": true,
        "isBestMatch": true
    },
    {
        "id": 3098642,
        "price": "2.66060000",
        "qty": "20.48000000",
        "quoteQty": "54.48908800",
        "time": 1629977180045,
        "isBuyerMaker": true,
        "isBestMatch": true
    },
    {
        "id": 3098643,
        "price": "2.65480000",
        "qty": "0.01000000",
        "quoteQty": "0.02654800",
        "time": 1629977180045,
        "isBuyerMaker": true,
        "isBestMatch": true
    },
    {
        "id": 3098644,
        "price": "2.65500000",
        "qty": "5.03000000",
        "quoteQty": "13.35465000",
        "time": 1629977191388,
        "isBuyerMaker": true,
        "isBestMatch": true
    },
    {
        "id": 3098645,
        "price": "2.65600000",
        "qty": "5.64000000",
        "quoteQty": "14.97984000",
        "time": 1629977256430,
        "isBuyerMaker": false,
        "isBestMatch": true
    },
    {
        "id": 3098646,
        "price": "2.66400000",
        "qty": "5.63000000",
        "quoteQty": "14.99832000",
        "time": 1629977329793,
        "isBuyerMaker": false,
        "isBestMatch": true
    },
    {
        "id": 3098647,
        "price": "2.66400000",
        "qty": "61.95000000",
        "quoteQty": "165.03480000",
        "time": 1629977329793,
        "isBuyerMaker": false,
        "isBestMatch": true
    },
    {
        "id": 3098648,
        "price": "2.66000000",
        "qty": "5.63000000",
        "quoteQty": "14.97580000",
        "time": 1629977360844,
        "isBuyerMaker": false,
        "isBestMatch": true
    },
    {
        "id": 3098649,
        "price": "2.65360000",
        "qty": "12.25000000",
        "quoteQty": "32.50660000",
        "time": 1629977423172,
        "isBuyerMaker": true,
        "isBestMatch": true
    },
    {
        "id": 3098650,
        "price": "2.65380000",
        "qty": "51.19000000",
        "quoteQty": "135.84802200",
        "time": 1629977424715,
        "isBuyerMaker": false,
        "isBestMatch": true
    },
    {
        "id": 3098651,
        "price": "2.65360000",
        "qty": "18.98000000",
        "quoteQty": "50.36532800",
        "time": 1629977424735,
        "isBuyerMaker": true,
        "isBestMatch": true
    },
    {
        "id": 3098652,
        "price": "2.65360000",
        "qty": "5.69000000",
        "quoteQty": "15.09898400",
        "time": 1629977424872,
        "isBuyerMaker": true,
        "isBestMatch": true
    },
    {
        "id": 3098653,
        "price": "2.65360000",
        "qty": "3.08000000",
        "quoteQty": "8.17308800",
        "time": 1629977434502,
        "isBuyerMaker": true,
        "isBestMatch": true
    },
    {
        "id": 3098654,
        "price": "2.65230000",
        "qty": "2.56000000",
        "quoteQty": "6.78988800",
        "time": 1629977434502,
        "isBuyerMaker": true,
        "isBestMatch": true
    },
    {
        "id": 3098655,
        "price": "2.65230000",
        "qty": "5.02000000",
        "quoteQty": "13.31454600",
        "time": 1629977434514,
        "isBuyerMaker": true,
        "isBestMatch": true
    },
    {
        "id": 3098656,
        "price": "2.64890000",
        "qty": "6.40000000",
        "quoteQty": "16.95296000",
        "time": 1629977435018,
        "isBuyerMaker": false,
        "isBestMatch": true
    },
    {
        "id": 3098657,
        "price": "2.65100000",
        "qty": "5.65000000",
        "quoteQty": "14.97815000",
        "time": 1629977462637,
        "isBuyerMaker": false,
        "isBestMatch": true
    },
    {
        "id": 3098658,
        "price": "2.64500000",
        "qty": "9.05000000",
        "quoteQty": "23.93725000",
        "time": 1629977521108,
        "isBuyerMaker": true,
        "isBestMatch": true
    },
    {
        "id": 3098659,
        "price": "2.64360000",
        "qty": "7.60000000",
        "quoteQty": "20.09136000",
        "time": 1629977527148,
        "isBuyerMaker": true,
        "isBestMatch": true
    },
    {
        "id": 3098660,
        "price": "2.63750000",
        "qty": "79.98000000",
        "quoteQty": "210.94725000",
        "time": 1629977636118,
        "isBuyerMaker": true,
        "isBestMatch": true
    },
    {
        "id": 3098661,
        "price": "2.63630000",
        "qty": "100.58000000",
        "quoteQty": "265.15905400",
        "time": 1629977636118,
        "isBuyerMaker": true,
        "isBestMatch": true
    },
    {
        "id": 3098662,
        "price": "2.64360000",
        "qty": "113.48000000",
        "quoteQty": "299.99572800",
        "time": 1629977642385,
        "isBuyerMaker": false,
        "isBestMatch": true
    },
    {
        "id": 3098663,
        "price": "2.64360000",
        "qty": "113.48000000",
        "quoteQty": "299.99572800",
        "time": 1629977642385,
        "isBuyerMaker": false,
        "isBestMatch": true
    },
    {
        "id": 3098664,
        "price": "2.64820000",
        "qty": "477.28000000",
        "quoteQty": "1263.93289600",
        "time": 1629977702405,
        "isBuyerMaker": false,
        "isBestMatch": true
    },
    {
        "id": 3098665,
        "price": "2.64300000",
        "qty": "4.49000000",
        "quoteQty": "11.86707000",
        "time": 1629977781970,
        "isBuyerMaker": false,
        "isBestMatch": true
    },
    {
        "id": 3098666,
        "price": "2.64910000",
        "qty": "4.49000000",
        "quoteQty": "11.89445900",
        "time": 1629977786992,
        "isBuyerMaker": false,
        "isBestMatch": true
    },
    {
        "id": 3098667,
        "price": "2.63490000",
        "qty": "7.63000000",
        "quoteQty": "20.10428700",
        "time": 1629977836388,
        "isBuyerMaker": true,
        "isBestMatch": true
    },
    {
        "id": 3098668,
        "price": "2.63800000",
        "qty": "5.68000000",
        "quoteQty": "14.98384000",
        "time": 1629977891268,
        "isBuyerMaker": false,
        "isBestMatch": true
    },
    {
        "id": 3098669,
        "price": "2.63500000",
        "qty": "5.69000000",
        "quoteQty": "14.99315000",
        "time": 1629977943838,
        "isBuyerMaker": false,
        "isBestMatch": true
    },
    {
        "id": 3098670,
        "price": "2.63500000",
        "qty": "530.49000000",
        "quoteQty": "1397.84115000",
        "time": 1629977960696,
        "isBuyerMaker": false,
        "isBestMatch": true
    },
    {
        "id": 3098671,
        "price": "2.63500000",
        "qty": "83.12000000",
        "quoteQty": "219.02120000",
        "time": 1629977960703,
        "isBuyerMaker": false,
        "isBestMatch": true
    },
    {
        "id": 3098672,
        "price": "2.64090000",
        "qty": "267.50000000",
        "quoteQty": "706.44075000",
        "time": 1629978003033,
        "isBuyerMaker": false,
        "isBestMatch": true
    },
    {
        "id": 3098673,
        "price": "2.64700000",
        "qty": "5.12000000",
        "quoteQty": "13.55264000",
        "time": 1629978004180,
        "isBuyerMaker": false,
        "isBestMatch": true
    },
    {
        "id": 3098674,
        "price": "2.64800000",
        "qty": "5.66000000",
        "quoteQty": "14.98768000",
        "time": 1629978012419,
        "isBuyerMaker": false,
        "isBestMatch": true
    },
    {
        "id": 3098675,
        "price": "2.64880000",
        "qty": "7.63000000",
        "quoteQty": "20.21034400",
        "time": 1629978013915,
        "isBuyerMaker": false,
        "isBestMatch": true
    },
    {
        "id": 3098676,
        "price": "2.65750000",
        "qty": "7.60000000",
        "quoteQty": "20.19700000",
        "time": 1629978158451,
        "isBuyerMaker": false,
        "isBestMatch": true
    },
    {
        "id": 3098677,
        "price": "2.64360000",
        "qty": "7.60000000",
        "quoteQty": "20.09136000",
        "time": 1629978337267,
        "isBuyerMaker": true,
        "isBestMatch": true
    },
    {
        "id": 3098678,
        "price": "2.63560000",
        "qty": "85.92000000",
        "quoteQty": "226.45075200",
        "time": 1629978406717,
        "isBuyerMaker": true,
        "isBestMatch": true
    },
    {
        "id": 3098679,
        "price": "2.63490000",
        "qty": "7.63000000",
        "quoteQty": "20.10428700",
        "time": 1629978419528,
        "isBuyerMaker": true,
        "isBestMatch": true
    },
    {
        "id": 3098680,
        "price": "2.63300000",
        "qty": "5.69000000",
        "quoteQty": "14.98177000",
        "time": 1629978520433,
        "isBuyerMaker": false,
        "isBestMatch": true
    },
    {
        "id": 3098681,
        "price": "2.62630000",
        "qty": "7.65000000",
        "quoteQty": "20.09119500",
        "time": 1629978538815,
        "isBuyerMaker": true,
        "isBestMatch": true
    },
    {
        "id": 3098682,
        "price": "2.63200000",
        "qty": "5.69000000",
        "quoteQty": "14.97608000",
        "time": 1629978566383,
        "isBuyerMaker": false,
        "isBestMatch": true
    },
    {
        "id": 3098683,
        "price": "2.63000000",
        "qty": "5.70000000",
        "quoteQty": "14.99100000",
        "time": 1629978613826,
        "isBuyerMaker": false,
        "isBestMatch": true
    },
    {
        "id": 3098684,
        "price": "2.62220000",
        "qty": "53.01000000",
        "quoteQty": "139.00282200",
        "time": 1629978631461,
        "isBuyerMaker": true,
        "isBestMatch": true
    },
    {
        "id": 3098685,
        "price": "2.62000000",
        "qty": "145.56000000",
        "quoteQty": "381.36720000",
        "time": 1629978631470,
        "isBuyerMaker": false,
        "isBestMatch": true
    },
    {
        "id": 3098686,
        "price": "2.62800000",
        "qty": "29.97000000",
        "quoteQty": "78.76116000",
        "time": 1629978689517,
        "isBuyerMaker": true,
        "isBestMatch": true
    },
    {
        "id": 3098687,
        "price": "2.63400000",
        "qty": "5.69000000",
        "quoteQty": "14.98746000",
        "time": 1629978702080,
        "isBuyerMaker": false,
        "isBestMatch": true
    },
    {
        "id": 3098688,
        "price": "2.62900000",
        "qty": "50.65000000",
        "quoteQty": "133.15885000",
        "time": 1629978721747,
        "isBuyerMaker": true,
        "isBestMatch": true
    },
    {
        "id": 3098689,
        "price": "2.62930000",
        "qty": "13.63000000",
        "quoteQty": "35.83735900",
        "time": 1629978758836,
        "isBuyerMaker": true,
        "isBestMatch": true
    },
    {
        "id": 3098690,
        "price": "2.62800000",
        "qty": "381.34000000",
        "quoteQty": "1002.16152000",
        "time": 1629978792418,
        "isBuyerMaker": true,
        "isBestMatch": true
    },
    {
        "id": 3098691,
        "price": "2.62800000",
        "qty": "96.06000000",
        "quoteQty": "252.44568000",
        "time": 1629978792425,
        "isBuyerMaker": true,
        "isBestMatch": true
    },
    {
        "id": 3098692,
        "price": "2.62520000",
        "qty": "9.50000000",
        "quoteQty": "24.93940000",
        "time": 1629978843851,
        "isBuyerMaker": false,
        "isBestMatch": true
    },
    {
        "id": 3098693,
        "price": "2.61770000",
        "qty": "7.68000000",
        "quoteQty": "20.10393600",
        "time": 1629978872403,
        "isBuyerMaker": true,
        "isBestMatch": true
    },
    {
        "id": 3098694,
        "price": "2.62700000",
        "qty": "5.70000000",
        "quoteQty": "14.97390000",
        "time": 1629978938690,
        "isBuyerMaker": false,
        "isBestMatch": true
    },
    {
        "id": 3098695,
        "price": "2.63000000",
        "qty": "5.70000000",
        "quoteQty": "14.99100000",
        "time": 1629978979451,
        "isBuyerMaker": false,
        "isBestMatch": true
    },
    {
        "id": 3098696,
        "price": "2.63150000",
        "qty": "7.68000000",
        "quoteQty": "20.20992000",
        "time": 1629978983353,
        "isBuyerMaker": false,
        "isBestMatch": true
    },
    {
        "id": 3098697,
        "price": "2.63000000",
        "qty": "5.70000000",
        "quoteQty": "14.99100000",
        "time": 1629979115307,
        "isBuyerMaker": false,
        "isBestMatch": true
    },
    {
        "id": 3098698,
        "price": "2.61770000",
        "qty": "7.68000000",
        "quoteQty": "20.10393600",
        "time": 1629979174107,
        "isBuyerMaker": true,
        "isBestMatch": true
    },
    {
        "id": 3098699,
        "price": "2.61890000",
        "qty": "11.52000000",
        "quoteQty": "30.16972800",
        "time": 1629979188596,
        "isBuyerMaker": false,
        "isBestMatch": true
    },
    {
        "id": 3098700,
        "price": "2.61510000",
        "qty": "50.00000000",
        "quoteQty": "130.75500000",
        "time": 1629979271926,
        "isBuyerMaker": true,
        "isBestMatch": true
    },
    {
        "id": 3098701,
        "price": "2.61510000",
        "qty": "82.72000000",
        "quoteQty": "216.32107200",
        "time": 1629979271956,
        "isBuyerMaker": true,
        "isBestMatch": true
    },
    {
        "id": 3098702,
        "price": "2.61500000",
        "qty": "50.00000000",
        "quoteQty": "130.75000000",
        "time": 1629979277026,
        "isBuyerMaker": true,
        "isBestMatch": true
    },
    {
        "id": 3098703,
        "price": "2.61500000",
        "qty": "62.21000000",
        "quoteQty": "162.67915000",
        "time": 1629979277027,
        "isBuyerMaker": true,
        "isBestMatch": true
    },
    {
        "id": 3098704,
        "price": "2.60930000",
        "qty": "34.28000000",
        "quoteQty": "89.44680400",
        "time": 1629979294407,
        "isBuyerMaker": true,
        "isBestMatch": true
    },
    {
        "id": 3098705,
        "price": "2.60910000",
        "qty": "7.70000000",
        "quoteQty": "20.09007000",
        "time": 1629979294433,
        "isBuyerMaker": true,
        "isBestMatch": true
    },
    {
        "id": 3098706,
        "price": "2.60390000",
        "qty": "50.00000000",
        "quoteQty": "130.19500000",
        "time": 1629979381821,
        "isBuyerMaker": false,
        "isBestMatch": true
    },
    {
        "id": 3098707,
        "price": "2.60390000",
        "qty": "54.18000000",
        "quoteQty": "141.07930200",
        "time": 1629979381823,
        "isBuyerMaker": false,
        "isBestMatch": true
    },
    {
        "id": 3098708,
        "price": "2.60390000",
        "qty": "25.29000000",
        "quoteQty": "65.85263100",
        "time": 1629979381823,
        "isBuyerMaker": false,
        "isBestMatch": true
    },
    {
        "id": 3098709,
        "price": "2.60390000",
        "qty": "74.71000000",
        "quoteQty": "194.53736900",
        "time": 1629979381823,
        "isBuyerMaker": false,
        "isBestMatch": true
    },
    {
        "id": 3098710,
        "price": "2.60390000",
        "qty": "100.00000000",
        "quoteQty": "260.39000000",
        "time": 1629979381823,
        "isBuyerMaker": false,
        "isBestMatch": true
    },
    {
        "id": 3098711,
        "price": "2.60390000",
        "qty": "53.58000000",
        "quoteQty": "139.51696200",
        "time": 1629979381824,
        "isBuyerMaker": false,
        "isBestMatch": true
    },
    {
        "id": 3098712,
        "price": "2.60390000",
        "qty": "250.00000000",
        "quoteQty": "650.97500000",
        "time": 1629979381826,
        "isBuyerMaker": false,
        "isBestMatch": true
    },
    {
        "id": 3098713,
        "price": "2.60050000",
        "qty": "7.73000000",
        "quoteQty": "20.10186500",
        "time": 1629979391928,
        "isBuyerMaker": true,
        "isBestMatch": true
    },
    {
        "id": 3098714,
        "price": "2.60000000",
        "qty": "50.00000000",
        "quoteQty": "130.00000000",
        "time": 1629979392053,
        "isBuyerMaker": true,
        "isBestMatch": true
    },
    {
        "id": 3098715,
        "price": "2.60000000",
        "qty": "50.00000000",
        "quoteQty": "130.00000000",
        "time": 1629979392065,
        "isBuyerMaker": true,
        "isBestMatch": true
    },
    {
        "id": 3098716,
        "price": "2.60000000",
        "qty": "56.82000000",
        "quoteQty": "147.73200000",
        "time": 1629979392073,
        "isBuyerMaker": true,
        "isBestMatch": true
    },
    {
        "id": 3098717,
        "price": "2.60000000",
        "qty": "50.00000000",
        "quoteQty": "130.00000000",
        "time": 1629979392078,
        "isBuyerMaker": true,
        "isBestMatch": true
    },
    {
        "id": 3098718,
        "price": "2.59380000",
        "qty": "19.23000000",
        "quoteQty": "49.87877400",
        "time": 1629979420435,
        "isBuyerMaker": true,
        "isBestMatch": true
    },
    {
        "id": 3098719,
        "price": "2.59380000",
        "qty": "50.00000000",
        "quoteQty": "129.69000000",
        "time": 1629979426092,
        "isBuyerMaker": true,
        "isBestMatch": true
    },
    {
        "id": 3098720,
        "price": "2.59380000",
        "qty": "117.24000000",
        "quoteQty": "304.09711200",
        "time": 1629979426092,
        "isBuyerMaker": true,
        "isBestMatch": true
    },
    {
        "id": 3098721,
        "price": "2.59380000",
        "qty": "50.00000000",
        "quoteQty": "129.69000000",
        "time": 1629979426095,
        "isBuyerMaker": true,
        "isBestMatch": true
    },
    {
        "id": 3098722,
        "price": "2.59200000",
        "qty": "7.75000000",
        "quoteQty": "20.08800000",
        "time": 1629979426204,
        "isBuyerMaker": true,
        "isBestMatch": true
    },
    {
        "id": 3098723,
        "price": "2.58350000",
        "qty": "5.69000000",
        "quoteQty": "14.70011500",
        "time": 1629979434426,
        "isBuyerMaker": true,
        "isBestMatch": true
    },
    {
        "id": 3098724,
        "price": "2.58350000",
        "qty": "2.09000000",
        "quoteQty": "5.39951500",
        "time": 1629979439603,
        "isBuyerMaker": true,
        "isBestMatch": true
    },
    {
        "id": 3098725,
        "price": "2.58030000",
        "qty": "5.70000000",
        "quoteQty": "14.70771000",
        "time": 1629979439603,
        "isBuyerMaker": true,
        "isBestMatch": true
    },
    {
        "id": 3098726,
        "price": "2.58100000",
        "qty": "5.81000000",
        "quoteQty": "14.99561000",
        "time": 1629979449435,
        "isBuyerMaker": false,
        "isBestMatch": true
    },
    {
        "id": 3098727,
        "price": "2.58100000",
        "qty": "11.50000000",
        "quoteQty": "29.68150000",
        "time": 1629979450450,
        "isBuyerMaker": false,
        "isBestMatch": true
    },
    {
        "id": 3098728,
        "price": "2.58150000",
        "qty": "7.35000000",
        "quoteQty": "18.97402500",
        "time": 1629979451833,
        "isBuyerMaker": true,
        "isBestMatch": true
    },
    {
        "id": 3098729,
        "price": "2.58150000",
        "qty": "7.75000000",
        "quoteQty": "20.00662500",
        "time": 1629979452849,
        "isBuyerMaker": true,
        "isBestMatch": true
    },
    {
        "id": 3098730,
        "price": "2.58030000",
        "qty": "3.01000000",
        "quoteQty": "7.76670300",
        "time": 1629979453945,
        "isBuyerMaker": true,
        "isBestMatch": true
    },
    {
        "id": 3098731,
        "price": "2.58010000",
        "qty": "8.61000000",
        "quoteQty": "22.21466100",
        "time": 1629979453945,
        "isBuyerMaker": true,
        "isBestMatch": true
    },
    {
        "id": 3098732,
        "price": "2.58800000",
        "qty": "5.79000000",
        "quoteQty": "14.98452000",
        "time": 1629979455661,
        "isBuyerMaker": false,
        "isBestMatch": true
    },
    {
        "id": 3098733,
        "price": "2.58930000",
        "qty": "90.76000000",
        "quoteQty": "235.00486800",
        "time": 1629979455661,
        "isBuyerMaker": false,
        "isBestMatch": true
    },
    {
        "id": 3098734,
        "price": "2.59170000",
        "qty": "7.72000000",
        "quoteQty": "20.00792400",
        "time": 1629979458473,
        "isBuyerMaker": false,
        "isBestMatch": true
    },
    {
        "id": 3098735,
        "price": "2.58350000",
        "qty": "11.62000000",
        "quoteQty": "30.02027000",
        "time": 1629979458511,
        "isBuyerMaker": true,
        "isBestMatch": true
    },
    {
        "id": 3098736,
        "price": "2.59000000",
        "qty": "5.79000000",
        "quoteQty": "14.99610000",
        "time": 1629979479463,
        "isBuyerMaker": false,
        "isBestMatch": true
    },
    {
        "id": 3098737,
        "price": "2.58240000",
        "qty": "34.50000000",
        "quoteQty": "89.09280000",
        "time": 1629979489684,
        "isBuyerMaker": true,
        "isBestMatch": true
    },
    {
        "id": 3098738,
        "price": "2.58610000",
        "qty": "14.98000000",
        "quoteQty": "38.73977800",
        "time": 1629979509635,
        "isBuyerMaker": false,
        "isBestMatch": true
    },
    {
        "id": 3098739,
        "price": "2.57500000",
        "qty": "7.80000000",
        "quoteQty": "20.08500000",
        "time": 1629979550296,
        "isBuyerMaker": true,
        "isBestMatch": true
    },
    {
        "id": 3098740,
        "price": "2.56650000",
        "qty": "7.83000000",
        "quoteQty": "20.09569500",
        "time": 1629979572057,
        "isBuyerMaker": true,
        "isBestMatch": true
    },
    {
        "id": 3098741,
        "price": "2.56250000",
        "qty": "39.56000000",
        "quoteQty": "101.37250000",
        "time": 1629979594198,
        "isBuyerMaker": true,
