[
    {
        "id": 7818084,
        "price": "0.00093920",
        "qty": "36.04000000",
        "quoteQty": "0.03384876",
        "time": 1629985791282,
        "isBuyerMaker": true,
        "isBestMatch": true
    },
    {
        "id": 7818085,
        "price": "0.00093920",
        "qty": "7.42000000",
        "quoteQty": "0.00696886",
        "time": 1629985791291,
        "isBuyerMaker": true,
        "isBestMatch": true
    },
    {
        "id": 7818086,
        "price": "0.00094030",
        "qty": "0.49000000",
        "quoteQty": "0.00046074",
        "time": 1629985804761,
        "isBuyerMaker": false,
        "isBestMatch": true
    },
    {
        "id": 7818087,
        "price": "0.00094030",
        "qty": "0.11000000",
        "quoteQty": "0.00010343",
        "time": 1629985804761,
        "isBuyerMaker": false,
        "isBestMatch": true
    },
    {
        "id": 7818088,
        "price": "0.00094070",
        "qty": "0.32000000",
        "quoteQty": "0.00030102",
        "time": 1629985805189,
        "isBuyerMaker": false,
        "isBestMatch": true
    },
    {
        "id": 7818089,
        "price": "0.00094090",
        "qty": "0.26000000",
        "quoteQty": "0.00024463",
        "time": 1629985815177,
        "isBuyerMaker": false,
        "isBestMatch": true
    },
    {
        "id": 7818090,
        "price": "0.00094100",
        "qty": "0.30000000",
        "quoteQty": "0.00028230",
        "time": 1629985815177,
        "isBuyerMaker": false,
        "isBestMatch": true
    },
    {
        "id": 7818091,
        "price": "0.00094110",
        "qty": "3.43000000",
        "quoteQty": "0.00322797",
        "time": 1629985815177,
        "isBuyerMaker": false,
        "isBestMatch": true
    },
    {
        "id": 7818092,
        "price": "0.00094050",
        "qty": "2.95000000",
        "quoteQty": "0.00277447",
        "time": 1629985815244,
        "isBuyerMaker": true,
        "isBestMatch": true
    },
    {
        "id": 7818093,
        "price": "0.00093970",
        "qty": "1.30000000",
        "quoteQty": "0.00122161",
        "time": 1629985823662,
        "isBuyerMaker": true,
        "isBestMatch": true
    },
    {
        "id": 7818094,
        "price": "0.00094030",
        "qty": "1.31000000",
        "quoteQty": "0.00123179",
        "time": 1629985827212,
        "isBuyerMaker": true,
        "isBestMatch": true
    },
    {
        "id": 7818095,
        "price": "0.00093920",
        "qty": "2.92000000",
        "quoteQty": "0.00274246",
        "time": 1629985832412,
        "isBuyerMaker": false,
        "isBestMatch": true
    },
    {
        "id": 7818096,
        "price": "0.00093970",
        "qty": "0.43000000",
        "quoteQty": "0.00040407",
        "time": 1629985843311,
        "isBuyerMaker": true,
        "isBestMatch": true
    },
    {
        "id": 7818097,
        "price": "0.00093960",
        "qty": "3.00000000",
        "quoteQty": "0.00281880",
        "time": 1629985847900,
        "isBuyerMaker": true,
        "isBestMatch": true
    },
    {
        "id": 7818098,
        "price": "0.00093950",
        "qty": "6.00000000",
        "quoteQty": "0.00563700",
        "time": 1629985847900,
        "isBuyerMaker": true,
        "isBestMatch": true
    },
    {
        "id": 7818099,
        "price": "0.00094010",
        "qty": "0.11000000",
        "quoteQty": "0.00010341",
        "time": 1629985850795,
        "isBuyerMaker": false,
        "isBestMatch": true
    },
    {
        "id": 7818100,
        "price": "0.00093970",
        "qty": "0.63000000",
        "quoteQty": "0.00059201",
        "time": 1629985885339,
        "isBuyerMaker": false,
        "isBestMatch": true
    },
    {
        "id": 7818101,
        "price": "0.00093870",
        "qty": "0.74000000",
        "quoteQty": "0.00069463",
        "time": 1629985888188,
        "isBuyerMaker": true,
        "isBestMatch": true
    },
    {
        "id": 7818102,
        "price": "0.00093860",
        "qty": "5.93000000",
        "quoteQty": "0.00556589",
        "time": 1629985888188,
        "isBuyerMaker": true,
        "isBestMatch": true
    },
    {
        "id": 7818103,
        "price": "0.00093850",
        "qty": "2.22000000",
        "quoteQty": "0.00208347",
        "time": 1629985888188,
        "isBuyerMaker": true,
        "isBestMatch": true
    },
    {
        "id": 7818104,
        "price": "0.00093820",
        "qty": "8.90000000",
        "quoteQty": "0.00834998",
        "time": 1629985890186,
        "isBuyerMaker": true,
        "isBestMatch": true
    },
    {
        "id": 7818105,
        "price": "0.00093920",
        "qty": "4.25000000",
        "quoteQty": "0.00399160",
        "time": 1629985890424,
        "isBuyerMaker": false,
        "isBestMatch": true
    },
    {
        "id": 7818106,
        "price": "0.00093920",
        "qty": "0.63000000",
        "quoteQty": "0.00059169",
        "time": 1629985890426,
        "isBuyerMaker": false,
        "isBestMatch": true
    },
    {
        "id": 7818107,
        "price": "0.00093920",
        "qty": "2.22000000",
        "quoteQty": "0.00208502",
        "time": 1629985890427,
        "isBuyerMaker": false,
        "isBestMatch": true
    },
    {
        "id": 7818108,
        "price": "0.00093920",
        "qty": "2.27000000",
        "quoteQty": "0.00213198",
        "time": 1629985890428,
        "isBuyerMaker": false,
        "isBestMatch": true
    },
    {
        "id": 7818109,
        "price": "0.00093830",
        "qty": "5.64000000",
        "quoteQty": "0.00529201",
        "time": 1629985891188,
        "isBuyerMaker": true,
        "isBestMatch": true
    },
    {
        "id": 7818110,
        "price": "0.00093820",
        "qty": "3.26000000",
        "quoteQty": "0.00305853",
        "time": 1629985891188,
        "isBuyerMaker": true,
        "isBestMatch": true
    },
    {
        "id": 7818111,
        "price": "0.00093740",
        "qty": "0.32000000",
        "quoteQty": "0.00029996",
        "time": 1629985899994,
        "isBuyerMaker": true,
        "isBestMatch": true
    },
    {
        "id": 7818112,
        "price": "0.00093740",
        "qty": "0.12000000",
        "quoteQty": "0.00011248",
        "time": 1629985899994,
        "isBuyerMaker": true,
        "isBestMatch": true
    },
    {
        "id": 7818113,
        "price": "0.00093790",
        "qty": "4.93000000",
        "quoteQty": "0.00462384",
        "time": 1629985903435,
        "isBuyerMaker": false,
        "isBestMatch": true
    },
    {
        "id": 7818114,
        "price": "0.00093790",
        "qty": "19.79000000",
        "quoteQty": "0.01856104",
        "time": 1629985903585,
        "isBuyerMaker": false,
        "isBestMatch": true
    },
    {
        "id": 7818115,
        "price": "0.00093790",
        "qty": "1.38000000",
        "quoteQty": "0.00129430",
        "time": 1629985903593,
        "isBuyerMaker": false,
        "isBestMatch": true
    },
    {
        "id": 7818116,
        "price": "0.00093790",
        "qty": "19.79000000",
        "quoteQty": "0.01856104",
        "time": 1629985903593,
        "isBuyerMaker": false,
        "isBestMatch": true
    },
    {
        "id": 7818117,
        "price": "0.00093790",
        "qty": "2.26000000",
        "quoteQty": "0.00211965",
        "time": 1629985903595,
        "isBuyerMaker": false,
        "isBestMatch": true
    },
    {
        "id": 7818118,
        "price": "0.00093790",
        "qty": "2.26000000",
        "quoteQty": "0.00211965",
        "time": 1629985903595,
        "isBuyerMaker": false,
        "isBestMatch": true
    },
    {
        "id": 7818119,
        "price": "0.00093790",
        "qty": "0.37000000",
        "quoteQty": "0.00034702",
        "time": 1629985903638,
        "isBuyerMaker": false,
        "isBestMatch": true
    },
    {
        "id": 7818120,
        "price": "0.00093790",
        "qty": "1.42000000",
        "quoteQty": "0.00133181",
        "time": 1629985903682,
        "isBuyerMaker": false,
        "isBestMatch": true
    },
    {
        "id": 7818121,
        "price": "0.00093790",
        "qty": "26.10000000",
        "quoteQty": "0.02447919",
        "time": 1629985904092,
        "isBuyerMaker": false,
        "isBestMatch": true
    },
    {
        "id": 7818122,
        "price": "0.00093790",
        "qty": "6.20000000",
        "quoteQty": "0.00581498",
        "time": 1629985904095,
        "isBuyerMaker": false,
        "isBestMatch": true
    },
    {
        "id": 7818123,
        "price": "0.00093740",
        "qty": "1.00000000",
        "quoteQty": "0.00093740",
        "time": 1629985922148,
        "isBuyerMaker": true,
        "isBestMatch": true
    },
    {
        "id": 7818124,
        "price": "0.00093920",
        "qty": "2.27000000",
        "quoteQty": "0.00213198",
        "time": 1629985934898,
        "isBuyerMaker": false,
        "isBestMatch": true
    },
    {
        "id": 7818125,
        "price": "0.00093920",
        "qty": "21.29000000",
        "quoteQty": "0.01999556",
        "time": 1629985952689,
        "isBuyerMaker": true,
        "isBestMatch": true
    },
    {
        "id": 7818126,
        "price": "0.00094010",
        "qty": "26.05000000",
        "quoteQty": "0.02448960",
        "time": 1629985958964,
        "isBuyerMaker": false,
        "isBestMatch": true
    },
    {
        "id": 7818127,
        "price": "0.00094010",
        "qty": "16.71000000",
        "quoteQty": "0.01570907",
        "time": 1629985958965,
        "isBuyerMaker": false,
        "isBestMatch": true
    },
    {
        "id": 7818128,
        "price": "0.00093990",
        "qty": "9.00000000",
        "quoteQty": "0.00845910",
        "time": 1629985960173,
        "isBuyerMaker": true,
        "isBestMatch": true
    },
    {
        "id": 7818129,
        "price": "0.00094040",
        "qty": "8.24000000",
        "quoteQty": "0.00774889",
        "time": 1629985981845,
        "isBuyerMaker": true,
        "isBestMatch": true
    },
    {
        "id": 7818130,
        "price": "0.00094040",
        "qty": "7.70000000",
        "quoteQty": "0.00724108",
        "time": 1629985981848,
        "isBuyerMaker": true,
        "isBestMatch": true
    },
    {
        "id": 7818131,
        "price": "0.00094050",
        "qty": "8.63000000",
        "quoteQty": "0.00811651",
        "time": 1629985993014,
        "isBuyerMaker": false,
        "isBestMatch": true
    },
    {
        "id": 7818132,
        "price": "0.00093970",
        "qty": "11.42000000",
        "quoteQty": "0.01073137",
        "time": 1629985997497,
        "isBuyerMaker": true,
        "isBestMatch": true
    },
    {
        "id": 7818133,
        "price": "0.00093950",
        "qty": "8.63000000",
        "quoteQty": "0.00810788",
        "time": 1629985997497,
        "isBuyerMaker": true,
        "isBestMatch": true
    },
    {
        "id": 7818134,
        "price": "0.00093940",
        "qty": "78.40000000",
        "quoteQty": "0.07364896",
        "time": 1629985997497,
        "isBuyerMaker": true,
        "isBestMatch": true
    },
    {
        "id": 7818135,
        "price": "0.00093920",
        "qty": "12.39000000",
        "quoteQty": "0.01163668",
        "time": 1629985997497,
        "isBuyerMaker": true,
        "isBestMatch": true
    },
    {
        "id": 7818136,
        "price": "0.00093900",
        "qty": "62.54000000",
        "quoteQty": "0.05872506",
        "time": 1629985997497,
        "isBuyerMaker": true,
        "isBestMatch": true
    },
    {
        "id": 7818137,
        "price": "0.00093900",
        "qty": "61.37000000",
        "quoteQty": "0.05762643",
        "time": 1629985997504,
        "isBuyerMaker": false,
        "isBestMatch": true
    },
    {
        "id": 7818138,
        "price": "0.00094070",
        "qty": "0.32000000",
        "quoteQty": "0.00030102",
        "time": 1629986007131,
        "isBuyerMaker": false,
        "isBestMatch": true
    },
    {
        "id": 7818139,
        "price": "0.00094160",
        "qty": "3.15000000",
        "quoteQty": "0.00296604",
        "time": 1629986007131,
        "isBuyerMaker": false,
        "isBestMatch": true
    },
    {
        "id": 7818140,
        "price": "0.00093990",
        "qty": "1.00000000",
        "quoteQty": "0.00093990",
        "time": 1629986023446,
        "isBuyerMaker": true,
        "isBestMatch": true
    },
    {
        "id": 7818141,
        "price": "0.00093910",
        "qty": "0.88000000",
        "quoteQty": "0.00082640",
        "time": 1629986029830,
        "isBuyerMaker": false,
        "isBestMatch": true
    },
    {
        "id": 7818142,
        "price": "0.00093900",
        "qty": "0.20000000",
        "quoteQty": "0.00018780",
        "time": 1629986036453,
        "isBuyerMaker": true,
        "isBestMatch": true
    },
    {
        "id": 7818143,
        "price": "0.00093900",
        "qty": "1.27000000",
        "quoteQty": "0.00119253",
        "time": 1629986036453,
        "isBuyerMaker": true,
        "isBestMatch": true
    },
    {
        "id": 7818144,
        "price": "0.00093910",
        "qty": "10.26000000",
        "quoteQty": "0.00963516",
        "time": 1629986036469,
        "isBuyerMaker": false,
        "isBestMatch": true
    },
    {
        "id": 7818145,
        "price": "0.00093900",
        "qty": "6.24000000",
        "quoteQty": "0.00585936",
        "time": 1629986036505,
        "isBuyerMaker": true,
        "isBestMatch": true
    },
    {
        "id": 7818146,
        "price": "0.00093910",
        "qty": "7.52000000",
        "quoteQty": "0.00706203",
        "time": 1629986036577,
        "isBuyerMaker": false,
        "isBestMatch": true
    },
    {
        "id": 7818147,
        "price": "0.00093910",
        "qty": "6.92000000",
        "quoteQty": "0.00649857",
        "time": 1629986036956,
        "isBuyerMaker": false,
        "isBestMatch": true
    },
    {
        "id": 7818148,
        "price": "0.00093910",
        "qty": "0.48000000",
        "quoteQty": "0.00045076",
        "time": 1629986038954,
        "isBuyerMaker": false,
        "isBestMatch": true
    },
    {
        "id": 7818149,
        "price": "0.00093910",
        "qty": "1.78000000",
        "quoteQty": "0.00167159",
        "time": 1629986038954,
        "isBuyerMaker": false,
        "isBestMatch": true
    },
    {
        "id": 7818150,
        "price": "0.00093910",
        "qty": "2.26000000",
        "quoteQty": "0.00212236",
        "time": 1629986038955,
        "isBuyerMaker": false,
        "isBestMatch": true
    },
    {
        "id": 7818151,
        "price": "0.00093910",
        "qty": "12.61000000",
        "quoteQty": "0.01184205",
        "time": 1629986038991,
        "isBuyerMaker": false,
        "isBestMatch": true
    },
    {
        "id": 7818152,
        "price": "0.00094000",
        "qty": "7.51000000",
        "quoteQty": "0.00705940",
        "time": 1629986039579,
        "isBuyerMaker": false,
        "isBestMatch": true
    },
    {
        "id": 7818153,
        "price": "0.00094120",
        "qty": "18.82000000",
        "quoteQty": "0.01771338",
        "time": 1629986049175,
        "isBuyerMaker": false,
        "isBestMatch": true
    },
    {
        "id": 7818154,
        "price": "0.00094010",
        "qty": "5.37000000",
        "quoteQty": "0.00504833",
        "time": 1629986051087,
        "isBuyerMaker": true,
        "isBestMatch": true
    },
    {
        "id": 7818155,
        "price": "0.00094000",
        "qty": "6.14000000",
        "quoteQty": "0.00577160",
        "time": 1629986051152,
        "isBuyerMaker": true,
        "isBestMatch": true
    },
    {
        "id": 7818156,
        "price": "0.00094160",
        "qty": "18.60000000",
        "quoteQty": "0.01751376",
        "time": 1629986056175,
        "isBuyerMaker": false,
        "isBestMatch": true
    },
    {
        "id": 7818157,
        "price": "0.00094160",
        "qty": "0.72000000",
        "quoteQty": "0.00067795",
        "time": 1629986056208,
        "isBuyerMaker": false,
        "isBestMatch": true
    },
    {
        "id": 7818158,
        "price": "0.00094160",
        "qty": "0.68000000",
        "quoteQty": "0.00064028",
        "time": 1629986056257,
        "isBuyerMaker": false,
        "isBestMatch": true
    },
    {
        "id": 7818159,
        "price": "0.00094100",
        "qty": "9.00000000",
        "quoteQty": "0.00846900",
        "time": 1629986056404,
        "isBuyerMaker": true,
        "isBestMatch": true
    },
    {
        "id": 7818160,
        "price": "0.00094140",
        "qty": "2.90000000",
        "quoteQty": "0.00273006",
        "time": 1629986058352,
        "isBuyerMaker": true,
        "isBestMatch": true
    },
    {
        "id": 7818161,
        "price": "0.00094000",
        "qty": "3.86000000",
        "quoteQty": "0.00362840",
        "time": 1629986068259,
        "isBuyerMaker": true,
        "isBestMatch": true
    },
    {
        "id": 7818162,
        "price": "0.00094090",
        "qty": "9.00000000",
        "quoteQty": "0.00846810",
        "time": 1629986070044,
        "isBuyerMaker": false,
        "isBestMatch": true
    },
    {
        "id": 7818163,
        "price": "0.00094090",
        "qty": "1.00000000",
        "quoteQty": "0.00094090",
        "time": 1629986070044,
        "isBuyerMaker": false,
        "isBestMatch": true
    },
    {
        "id": 7818164,
        "price": "0.00093960",
        "qty": "2.48000000",
        "quoteQty": "0.00233020",
        "time": 1629986070144,
        "isBuyerMaker": true,
        "isBestMatch": true
    },
    {
        "id": 7818165,
        "price": "0.00094000",
        "qty": "9.00000000",
        "quoteQty": "0.00846000",
        "time": 1629986074153,
        "isBuyerMaker": true,
        "isBestMatch": true
    },
    {
        "id": 7818166,
        "price": "0.00093910",
        "qty": "7.10000000",
        "quoteQty": "0.00666761",
        "time": 1629986076052,
        "isBuyerMaker": true,
        "isBestMatch": true
    },
    {
        "id": 7818167,
        "price": "0.00094050",
        "qty": "2.20000000",
        "quoteQty": "0.00206910",
        "time": 1629986076350,
        "isBuyerMaker": true,
        "isBestMatch": true
    },
    {
        "id": 7818168,
        "price": "0.00094050",
        "qty": "6.98000000",
        "quoteQty": "0.00656469",
        "time": 1629986097213,
        "isBuyerMaker": false,
        "isBestMatch": true
    },
    {
        "id": 7818169,
        "price": "0.00094050",
        "qty": "7.56000000",
        "quoteQty": "0.00711018",
        "time": 1629986097234,
        "isBuyerMaker": false,
        "isBestMatch": true
    },
    {
        "id": 7818170,
        "price": "0.00094050",
        "qty": "11.48000000",
        "quoteQty": "0.01079694",
        "time": 1629986097364,
        "isBuyerMaker": false,
        "isBestMatch": true
    },
    {
        "id": 7818171,
        "price": "0.00094050",
        "qty": "11.48000000",
        "quoteQty": "0.01079694",
        "time": 1629986097365,
        "isBuyerMaker": false,
        "isBestMatch": true
    },
    {
        "id": 7818172,
        "price": "0.00094050",
        "qty": "5.11000000",
        "quoteQty": "0.00480595",
        "time": 1629986097374,
        "isBuyerMaker": false,
        "isBestMatch": true
    },
    {
        "id": 7818173,
        "price": "0.00094170",
        "qty": "0.46000000",
        "quoteQty": "0.00043318",
        "time": 1629986109654,
        "isBuyerMaker": false,
        "isBestMatch": true
    },
    {
        "id": 7818174,
        "price": "0.00094170",
        "qty": "2.72000000",
        "quoteQty": "0.00256142",
        "time": 1629986109654,
        "isBuyerMaker": false,
        "isBestMatch": true
    },
    {
        "id": 7818175,
        "price": "0.00094180",
        "qty": "0.26000000",
        "quoteQty": "0.00024486",
        "time": 1629986116873,
        "isBuyerMaker": false,
        "isBestMatch": true
    },
    {
        "id": 7818176,
        "price": "0.00094140",
        "qty": "12.00000000",
        "quoteQty": "0.01129680",
        "time": 1629986117561,
        "isBuyerMaker": false,
        "isBestMatch": true
    },
    {
        "id": 7818177,
        "price": "0.00094020",
        "qty": "27.02000000",
        "quoteQty": "0.02540420",
        "time": 1629986123137,
        "isBuyerMaker": true,
        "isBestMatch": true
    },
    {
        "id": 7818178,
        "price": "0.00094150",
        "qty": "28.47000000",
        "quoteQty": "0.02680450",
        "time": 1629986124749,
        "isBuyerMaker": false,
        "isBestMatch": true
    },
    {
        "id": 7818179,
        "price": "0.00094150",
        "qty": "2.50000000",
        "quoteQty": "0.00235375",
        "time": 1629986124749,
        "isBuyerMaker": false,
        "isBestMatch": true
    },
    {
        "id": 7818180,
        "price": "0.00094160",
        "qty": "8.93000000",
        "quoteQty": "0.00840848",
        "time": 1629986124749,
        "isBuyerMaker": false,
        "isBestMatch": true
    },
    {
        "id": 7818181,
        "price": "0.00094160",
        "qty": "0.07000000",
        "quoteQty": "0.00006591",
        "time": 1629986128251,
        "isBuyerMaker": false,
        "isBestMatch": true
    },
    {
        "id": 7818182,
        "price": "0.00094170",
        "qty": "2.45000000",
        "quoteQty": "0.00230716",
        "time": 1629986128251,
        "isBuyerMaker": false,
        "isBestMatch": true
    },
    {
        "id": 7818183,
        "price": "0.00094180",
        "qty": "9.28000000",
        "quoteQty": "0.00873990",
        "time": 1629986128251,
        "isBuyerMaker": false,
        "isBestMatch": true
    },
    {
        "id": 7818184,
        "price": "0.00094130",
        "qty": "9.00000000",
        "quoteQty": "0.00847170",
        "time": 1629986132210,
        "isBuyerMaker": false,
        "isBestMatch": true
    },
    {
        "id": 7818185,
        "price": "0.00094160",
        "qty": "26.01000000",
        "quoteQty": "0.02449101",
        "time": 1629986138764,
        "isBuyerMaker": false,
        "isBestMatch": true
    },
    {
        "id": 7818186,
        "price": "0.00094160",
        "qty": "17.00000000",
        "quoteQty": "0.01600720",
        "time": 1629986138764,
        "isBuyerMaker": false,
        "isBestMatch": true
    },
    {
        "id": 7818187,
        "price": "0.00094200",
        "qty": "0.21000000",
        "quoteQty": "0.00019782",
        "time": 1629986138764,
        "isBuyerMaker": false,
        "isBestMatch": true
    },
    {
        "id": 7818188,
        "price": "0.00094220",
        "qty": "0.32000000",
        "quoteQty": "0.00030150",
        "time": 1629986138764,
        "isBuyerMaker": false,
        "isBestMatch": true
    },
    {
        "id": 7818189,
        "price": "0.00094220",
        "qty": "0.66000000",
        "quoteQty": "0.00062185",
        "time": 1629986138764,
        "isBuyerMaker": false,
        "isBestMatch": true
    },
    {
        "id": 7818190,
        "price": "0.00094160",
        "qty": "9.00000000",
        "quoteQty": "0.00847440",
        "time": 1629986155583,
        "isBuyerMaker": false,
        "isBestMatch": true
    },
    {
        "id": 7818191,
        "price": "0.00094160",
        "qty": "0.03000000",
        "quoteQty": "0.00002824",
        "time": 1629986155583,
        "isBuyerMaker": false,
        "isBestMatch": true
    },
    {
        "id": 7818192,
        "price": "0.00094100",
        "qty": "11.90000000",
        "quoteQty": "0.01119790",
        "time": 1629986161769,
        "isBuyerMaker": true,
        "isBestMatch": true
    },
    {
        "id": 7818193,
        "price": "0.00093990",
        "qty": "0.14000000",
        "quoteQty": "0.00013158",
        "time": 1629986161791,
        "isBuyerMaker": true,
        "isBestMatch": true
    },
    {
        "id": 7818194,
        "price": "0.00093980",
        "qty": "30.46000000",
        "quoteQty": "0.02862630",
        "time": 1629986161791,
        "isBuyerMaker": true,
        "isBestMatch": true
    },
    {
        "id": 7818195,
        "price": "0.00094110",
        "qty": "11.90000000",
        "quoteQty": "0.01119909",
        "time": 1629986162285,
        "isBuyerMaker": false,
        "isBestMatch": true
    },
    {
        "id": 7818196,
        "price": "0.00094120",
        "qty": "5.00000000",
        "quoteQty": "0.00470600",
        "time": 1629986162285,
        "isBuyerMaker": false,
        "isBestMatch": true
    },
    {
        "id": 7818197,
        "price": "0.00094150",
        "qty": "7.70000000",
        "quoteQty": "0.00724955",
        "time": 1629986166629,
        "isBuyerMaker": false,
        "isBestMatch": true
    },
    {
        "id": 7818198,
        "price": "0.00094100",
        "qty": "9.00000000",
        "quoteQty": "0.00846900",
        "time": 1629986176291,
        "isBuyerMaker": false,
        "isBestMatch": true
    },
    {
        "id": 7818199,
        "price": "0.00094110",
        "qty": "2.33000000",
        "quoteQty": "0.00219276",
        "time": 1629986176291,
        "isBuyerMaker": false,
        "isBestMatch": true
    },
    {
        "id": 7818200,
        "price": "0.00094120",
        "qty": "39.54000000",
        "quoteQty": "0.03721504",
        "time": 1629986176291,
        "isBuyerMaker": false,
        "isBestMatch": true
    },
    {
        "id": 7818201,
        "price": "0.00094140",
        "qty": "63.33000000",
        "quoteQty": "0.05961886",
        "time": 1629986176291,
        "isBuyerMaker": false,
        "isBestMatch": true
    },
    {
        "id": 7818202,
        "price": "0.00094120",
        "qty": "0.35000000",
        "quoteQty": "0.00032942",
        "time": 1629986177514,
        "isBuyerMaker": true,
        "isBestMatch": true
    },
    {
        "id": 7818203,
        "price": "0.00094170",
        "qty": "1.30000000",
        "quoteQty": "0.00122421",
        "time": 1629986181300,
        "isBuyerMaker": false,
        "isBestMatch": true
    },
    {
        "id": 7818204,
        "price": "0.00094120",
        "qty": "3.00000000",
        "quoteQty": "0.00282360",
        "time": 1629986182583,
        "isBuyerMaker": true,
        "isBestMatch": true
    },
    {
        "id": 7818205,
        "price": "0.00094010",
        "qty": "0.24000000",
        "quoteQty": "0.00022562",
        "time": 1629986185062,
        "isBuyerMaker": true,
        "isBestMatch": true
    },
    {
        "id": 7818206,
        "price": "0.00094000",
        "qty": "0.19000000",
        "quoteQty": "0.00017860",
        "time": 1629986185062,
        "isBuyerMaker": true,
        "isBestMatch": true
    },
    {
        "id": 7818207,
        "price": "0.00094100",
        "qty": "3.20000000",
        "quoteQty": "0.00301120",
        "time": 1629986185278,
        "isBuyerMaker": false,
        "isBestMatch": true
    },
    {
        "id": 7818208,
        "price": "0.00094030",
        "qty": "2.67000000",
        "quoteQty": "0.00251060",
        "time": 1629986186099,
        "isBuyerMaker": true,
        "isBestMatch": true
    },
    {
        "id": 7818209,
        "price": "0.00094120",
        "qty": "0.15000000",
        "quoteQty": "0.00014118",
        "time": 1629986186249,
        "isBuyerMaker": false,
        "isBestMatch": true
    },
    {
        "id": 7818210,
        "price": "0.00094120",
        "qty": "1.30000000",
        "quoteQty": "0.00122356",
        "time": 1629986186780,
        "isBuyerMaker": false,
        "isBestMatch": true
    },
    {
        "id": 7818211,
        "price": "0.00094030",
        "qty": "2.24000000",
        "quoteQty": "0.00210627",
        "time": 1629986187149,
        "isBuyerMaker": true,
        "isBestMatch": true
    },
    {
        "id": 7818212,
        "price": "0.00094020",
        "qty": "3.35000000",
        "quoteQty": "0.00314967",
        "time": 1629986189067,
        "isBuyerMaker": true,
        "isBestMatch": true
    },
    {
        "id": 7818213,
        "price": "0.00094110",
        "qty": "10.76000000",
        "quoteQty": "0.01012623",
        "time": 1629986197069,
        "isBuyerMaker": false,
        "isBestMatch": true
    },
    {
        "id": 7818214,
        "price": "0.00094110",
        "qty": "15.25000000",
        "quoteQty": "0.01435177",
        "time": 1629986197270,
        "isBuyerMaker": false,
        "isBestMatch": true
    },
    {
        "id": 7818215,
        "price": "0.00094110",
        "qty": "15.25000000",
        "quoteQty": "0.01435177",
        "time": 1629986197271,
        "isBuyerMaker": false,
        "isBestMatch": true
    },
    {
        "id": 7818216,
        "price": "0.00094110",
        "qty": "1.99000000",
        "quoteQty": "0.00187278",
        "time": 1629986197279,
        "isBuyerMaker": false,
        "isBestMatch": true
    },
    {
        "id": 7818217,
        "price": "0.00094150",
        "qty": "8.36000000",
        "quoteQty": "0.00787094",
        "time": 1629986198071,
        "isBuyerMaker": true,
        "isBestMatch": true
    },
    {
        "id": 7818218,
        "price": "0.00094230",
        "qty": "0.11000000",
        "quoteQty": "0.00010365",
        "time": 1629986205340,
        "isBuyerMaker": false,
        "isBestMatch": true
    },
    {
        "id": 7818219,
        "price": "0.00094260",
        "qty": "0.49000000",
        "quoteQty": "0.00046187",
        "time": 1629986205415,
        "isBuyerMaker": false,
        "isBestMatch": true
    },
    {
        "id": 7818220,
        "price": "0.00094260",
        "qty": "0.57000000",
        "quoteQty": "0.00053728",
        "time": 1629986205415,
        "isBuyerMaker": false,
        "isBestMatch": true
    },
    {
        "id": 7818221,
        "price": "0.00094260",
        "qty": "0.94000000",
        "quoteQty": "0.00088604",
        "time": 1629986205415,
        "isBuyerMaker": false,
        "isBestMatch": true
    },
    {
        "id": 7818222,
        "price": "0.00094240",
        "qty": "1.27000000",
        "quoteQty": "0.00119684",
        "time": 1629986205661,
        "isBuyerMaker": true,
        "isBestMatch": true
    },
    {
        "id": 7818223,
        "price": "0.00094300",
        "qty": "0.58000000",
        "quoteQty": "0.00054694",
        "time": 1629986205843,
        "isBuyerMaker": false,
        "isBestMatch": true
    },
    {
        "id": 7818224,
        "price": "0.00094310",
        "qty": "0.21000000",
        "quoteQty": "0.00019805",
        "time": 1629986205843,
        "isBuyerMaker": false,
        "isBestMatch": true
    },
    {
        "id": 7818225,
        "price": "0.00094310",
        "qty": "7.31000000",
        "quoteQty": "0.00689406",
        "time": 1629986205843,
        "isBuyerMaker": false,
        "isBestMatch": true
    },
    {
        "id": 7818226,
        "price": "0.00094260",
        "qty": "5.37000000",
        "quoteQty": "0.00506176",
        "time": 1629986206032,
        "isBuyerMaker": true,
        "isBestMatch": true
    },
    {
        "id": 7818227,
        "price": "0.00094300",
        "qty": "5.30000000",
        "quoteQty": "0.00499790",
        "time": 1629986206744,
        "isBuyerMaker": true,
        "isBestMatch": true
    },
    {
        "id": 7818228,
        "price": "0.00094270",
        "qty": "5.21000000",
        "quoteQty": "0.00491146",
        "time": 1629986207099,
        "isBuyerMaker": true,
        "isBestMatch": true
    },
    {
        "id": 7818229,
        "price": "0.00094260",
        "qty": "9.00000000",
        "quoteQty": "0.00848340",
        "time": 1629986207099,
        "isBuyerMaker": true,
        "isBestMatch": true
    },
    {
        "id": 7818230,
        "price": "0.00094260",
        "qty": "7.42000000",
        "quoteQty": "0.00699409",
        "time": 1629986207099,
        "isBuyerMaker": true,
        "isBestMatch": true
    },
    {
        "id": 7818231,
        "price": "0.00094140",
        "qty": "9.00000000",
        "quoteQty": "0.00847260",
        "time": 1629986211480,
        "isBuyerMaker": true,
        "isBestMatch": true
    },
    {
        "id": 7818232,
        "price": "0.00094140",
        "qty": "42.44000000",
        "quoteQty": "0.03995301",
        "time": 1629986211480,
        "isBuyerMaker": true,
        "isBestMatch": true
    },
    {
        "id": 7818233,
        "price": "0.00094130",
        "qty": "5.08000000",
        "quoteQty": "0.00478180",
        "time": 1629986211480,
        "isBuyerMaker": true,
        "isBestMatch": true
    },
    {
        "id": 7818234,
        "price": "0.00094070",
        "qty": "44.48000000",
        "quoteQty": "0.04184233",
        "time": 1629986211480,
        "isBuyerMaker": true,
        "isBestMatch": true
    },
    {
        "id": 7818235,
        "price": "0.00094200",
        "qty": "0.11000000",
        "quoteQty": "0.00010362",
        "time": 1629986211977,
        "isBuyerMaker": false,
        "isBestMatch": true
    },
    {
        "id": 7818236,
        "price": "0.00094100",
        "qty": "3.66000000",
        "quoteQty": "0.00344406",
        "time": 1629986212065,
        "isBuyerMaker": true,
        "isBestMatch": true
    },
    {
        "id": 7818237,
        "price": "0.00094090",
        "qty": "2.01000000",
        "quoteQty": "0.00189120",
        "time": 1629986216970,
        "isBuyerMaker": true,
        "isBestMatch": true
    },
    {
        "id": 7818238,
        "price": "0.00094080",
        "qty": "9.00000000",
        "quoteQty": "0.00846720",
        "time": 1629986216970,
        "isBuyerMaker": true,
        "isBestMatch": true
    },
    {
        "id": 7818239,
        "price": "0.00094070",
        "qty": "9.07000000",
        "quoteQty": "0.00853214",
        "time": 1629986216970,
        "isBuyerMaker": true,
        "isBestMatch": true
    },
    {
        "id": 7818240,
        "price": "0.00094160",
        "qty": "2.50000000",
        "quoteQty": "0.00235400",
        "time": 1629986218244,
        "isBuyerMaker": true,
        "isBestMatch": true
    },
    {
        "id": 7818241,
        "price": "0.00094220",
        "qty": "2.06000000",
        "quoteQty": "0.00194093",
        "time": 1629986221615,
        "isBuyerMaker": false,
        "isBestMatch": true
    },
    {
        "id": 7818242,
        "price": "0.00094170",
        "qty": "0.97000000",
        "quoteQty": "0.00091344",
        "time": 1629986235733,
        "isBuyerMaker": true,
        "isBestMatch": true
    },
    {
        "id": 7818243,
        "price": "0.00094090",
        "qty": "7.25000000",
        "quoteQty": "0.00682152",
        "time": 1629986248219,
        "isBuyerMaker": false,
        "isBestMatch": true
    },
    {
        "id": 7818244,
        "price": "0.00094090",
        "qty": "18.77000000",
        "quoteQty": "0.01766069",
        "time": 1629986248261,
        "isBuyerMaker": false,
        "isBestMatch": true
    },
    {
        "id": 7818245,
        "price": "0.00094090",
        "qty": "17.21000000",
        "quoteQty": "0.01619288",
        "time": 1629986248264,
        "isBuyerMaker": false,
        "isBestMatch": true
    },
    {
        "id": 7818246,
        "price": "0.00094220",
        "qty": "23.45000000",
        "quoteQty": "0.02209459",
        "time": 1629986248365,
        "isBuyerMaker": false,
        "isBestMatch": true
    },
    {
        "id": 7818247,
        "price": "0.00094220",
        "qty": "15.32000000",
        "quoteQty": "0.01443450",
        "time": 1629986248433,
        "isBuyerMaker": false,
        "isBestMatch": true
    },
    {
        "id": 7818248,
        "price": "0.00094240",
        "qty": "0.16000000",
        "quoteQty": "0.00015078",
        "time": 1629986248786,
        "isBuyerMaker": true,
        "isBestMatch": true
    },
    {
        "id": 7818249,
        "price": "0.00094240",
        "qty": "0.64000000",
        "quoteQty": "0.00060313",
        "time": 1629986248920,
        "isBuyerMaker": true,
        "isBestMatch": true
    },
    {
        "id": 7818250,
        "price": "0.00094260",
        "qty": "19.10000000",
        "quoteQty": "0.01800366",
        "time": 1629986249357,
        "isBuyerMaker": false,
        "isBestMatch": true
    },
    {
        "id": 7818251,
        "price": "0.00094310",
        "qty": "9.44000000",
        "quoteQty": "0.00890286",
        "time": 1629986249357,
        "isBuyerMaker": false,
        "isBestMatch": true
    },
    {
        "id": 7818252,
        "price": "0.00094110",
        "qty": "9.00000000",
        "quoteQty": "0.00846990",
        "time": 1629986252203,
        "isBuyerMaker": true,
        "isBestMatch": true
    },
    {
        "id": 7818253,
        "price": "0.00094110",
        "qty": "5.18000000",
        "quoteQty": "0.00487489",
        "time": 1629986252203,
        "isBuyerMaker": true,
        "isBestMatch": true
    },
    {
        "id": 7818254,
        "price": "0.00094080",
        "qty": "10.71000000",
        "quoteQty": "0.01007596",
        "time": 1629986252203,
        "isBuyerMaker": true,
        "isBestMatch": true
    },
    {
        "id": 7818255,
        "price": "0.00094020",
        "qty": "0.20000000",
        "quoteQty": "0.00018804",
        "time": 1629986252203,
        "isBuyerMaker": true,
        "isBestMatch": true
    },
    {
        "id": 7818256,
        "price": "0.00094010",
        "qty": "1.91000000",
        "quoteQty": "0.00179559",
        "time": 1629986252203,
        "isBuyerMaker": true,
        "isBestMatch": true
    },
    {
        "id": 7818257,
        "price": "0.00094280",
        "qty": "0.24000000",
        "quoteQty": "0.00022627",
        "time": 1629986260518,
        "isBuyerMaker": false,
        "isBestMatch": true
    },
    {
        "id": 7818258,
        "price": "0.00094320",
        "qty": "0.24000000",
        "quoteQty": "0.00022636",
        "time": 1629986260518,
        "isBuyerMaker": false,
        "isBestMatch": true
    },
    {
        "id": 7818259,
        "price": "0.00094330",
        "qty": "0.82000000",
        "quoteQty": "0.00077350",
        "time": 1629986260518,
        "isBuyerMaker": false,
        "isBestMatch": true
    },
    {
        "id": 7818260,
        "price": "0.00094350",
        "qty": "0.37000000",
        "quoteQty": "0.00034909",
        "time": 1629986260518,
        "isBuyerMaker": false,
        "isBestMatch": true
    },
    {
        "id": 7818261,
        "price": "0.00094360",
        "qty": "1.23000000",
        "quoteQty": "0.00116062",
        "time": 1629986260518,
        "isBuyerMaker": false,
        "isBestMatch": true
    },
    {
        "id": 7818262,
        "price": "0.00094370",
        "qty": "0.32000000",
        "quoteQty": "0.00030198",
        "time": 1629986260531,
        "isBuyerMaker": false,
        "isBestMatch": true
    },
    {
        "id": 7818263,
        "price": "0.00094390",
        "qty": "12.31000000",
        "quoteQty": "0.01161940",
        "time": 1629986260531,
        "isBuyerMaker": false,
        "isBestMatch": true
    },
    {
        "id": 7818264,
        "price": "0.00094210",
        "qty": "9.01000000",
        "quoteQty": "0.00848832",
        "time": 1629986262681,
        "isBuyerMaker": true,
        "isBestMatch": true
    },
    {
        "id": 7818265,
        "price": "0.00094260",
        "qty": "1.61000000",
        "quoteQty": "0.00151758",
        "time": 1629986263580,
        "isBuyerMaker": false,
        "isBestMatch": true
    },
    {
        "id": 7818266,
        "price": "0.00094170",
        "qty": "0.24000000",
        "quoteQty": "0.00022600",
        "time": 1629986271392,
        "isBuyerMaker": true,
        "isBestMatch": true
    },
    {
        "id": 7818267,
        "price": "0.00094130",
        "qty": "1.86000000",
        "quoteQty": "0.00175081",
        "time": 1629986271392,
        "isBuyerMaker": true,
        "isBestMatch": true
    },
    {
        "id": 7818268,
        "price": "0.00094230",
        "qty": "2.02000000",
        "quoteQty": "0.00190344",
        "time": 1629986279185,
        "isBuyerMaker": false,
        "isBestMatch": true
    },
    {
        "id": 7818269,
        "price": "0.00094150",
        "qty": "2.03000000",
        "quoteQty": "0.00191124",
        "time": 1629986281368,
        "isBuyerMaker": true,
        "isBestMatch": true
    },
    {
        "id": 7818270,
        "price": "0.00094150",
        "qty": "26.71000000",
        "quoteQty": "0.02514746",
        "time": 1629986284044,
        "isBuyerMaker": true,
        "isBestMatch": true
    },
    {
        "id": 7818271,
        "price": "0.00094250",
        "qty": "2.40000000",
        "quoteQty": "0.00226200",
        "time": 1629986287905,
        "isBuyerMaker": false,
        "isBestMatch": true
    },
    {
        "id": 7818272,
        "price": "0.00094310",
        "qty": "0.24000000",
        "quoteQty": "0.00022634",
        "time": 1629986287905,
        "isBuyerMaker": false,
        "isBestMatch": true
    },
    {
        "id": 7818273,
        "price": "0.00094320",
        "qty": "50.44000000",
        "quoteQty": "0.04757500",
        "time": 1629986287905,
        "isBuyerMaker": false,
        "isBestMatch": true
    },
    {
        "id": 7818274,
        "price": "0.00094330",
        "qty": "0.42000000",
        "quoteQty": "0.00039618",
        "time": 1629986287905,
        "isBuyerMaker": false,
        "isBestMatch": true
    },
    {
        "id": 7818275,
        "price": "0.00094290",
        "qty": "0.24000000",
        "quoteQty": "0.00022629",
        "time": 1629986299343,
        "isBuyerMaker": true,
        "isBestMatch": true
    },
    {
        "id": 7818276,
        "price": "0.00094320",
        "qty": "9.00000000",
        "quoteQty": "0.00848880",
        "time": 1629986302397,
        "isBuyerMaker": false,
        "isBestMatch": true
    },
    {
        "id": 7818277,
        "price": "0.00094330",
        "qty": "5.28000000",
        "quoteQty": "0.00498062",
        "time": 1629986302397,
        "isBuyerMaker": false,
        "isBestMatch": true
    },
    {
        "id": 7818278,
        "price": "0.00094400",
        "qty": "41.36000000",
        "quoteQty": "0.03904384",
        "time": 1629986302397,
        "isBuyerMaker": false,
        "isBestMatch": true
    },
    {
        "id": 7818279,
        "price": "0.00094410",
        "qty": "0.30000000",
        "quoteQty": "0.00028323",
        "time": 1629986302397,
        "isBuyerMaker": false,
        "isBestMatch": true
    },
    {
        "id": 7818280,
        "price": "0.00094410",
        "qty": "0.40000000",
        "quoteQty": "0.00037764",
        "time": 1629986302397,
        "isBuyerMaker": false,
        "isBestMatch": true
    },
    {
        "id": 7818281,
        "price": "0.00094410",
        "qty": "20.76000000",
        "quoteQty": "0.01959951",
        "time": 1629986302397,
        "isBuyerMaker": false,
        "isBestMatch": true
    },
    {
        "id": 7818282,
        "price": "0.00094310",
        "qty": "7.78000000",
        "quoteQty": "0.00733731",
        "time": 1629986308095,
        "isBuyerMaker": false,
        "isBestMatch": true
    },
    {
        "id": 7818283,
        "price": "0.00094310",
        "qty": "11.42000000",
        "quoteQty": "0.01077020",
        "time": 1629986308097,
        "isBuyerMaker": false,
        "isBestMatch": true
    },
    {
        "id": 7818284,
        "price": "0.00094310",
        "qty": "4.49000000",
        "quoteQty": "0.00423451",
        "time": 1629986308099,
        "isBuyerMaker": false,
        "isBestMatch": true
    },
    {
        "id": 7818285,
        "price": "0.00094310",
        "qty": "2.26000000",
        "quoteQty": "0.00213140",
        "time": 1629986308101,
        "isBuyerMaker": false,
        "isBestMatch": true
    },
    {
        "id": 7818286,
        "price": "0.00094310",
        "qty": "8.48000000",
        "quoteQty": "0.00799748",
        "time": 1629986308101,
        "isBuyerMaker": false,
        "isBestMatch": true
    },
    {
        "id": 7818287,
        "price": "0.00094310",
        "qty": "8.52000000",
        "quoteQty": "0.00803521",
        "time": 1629986308113,
        "isBuyerMaker": false,
        "isBestMatch": true
    },
    {
        "id": 7818288,
        "price": "0.00094310",
        "qty": "0.01000000",
        "quoteQty": "0.00000943",
        "time": 1629986308117,
        "isBuyerMaker": false,
        "isBestMatch": true
    },
    {
        "id": 7818289,
        "price": "0.00094220",
        "qty": "0.79000000",
        "quoteQty": "0.00074433",
        "time": 1629986328377,
        "isBuyerMaker": true,
        "isBestMatch": true
    },
    {
        "id": 7818290,
        "price": "0.00094370",
        "qty": "1.92000000",
        "quoteQty": "0.00181190",
        "time": 1629986338513,
        "isBuyerMaker": false,
        "isBestMatch": true
    },
    {
        "id": 7818291,
        "price": "0.00094420",
        "qty": "0.11000000",
        "quoteQty": "0.00010386",
        "time": 1629986339116,
        "isBuyerMaker": false,
        "isBestMatch": true
    },
    {
        "id": 7818292,
        "price": "0.00094450",
        "qty": "0.46000000",
        "quoteQty": "0.00043447",
        "time": 1629986339117,
        "isBuyerMaker": false,
        "isBestMatch": true
    },
    {
        "id": 7818293,
        "price": "0.00094450",
        "qty": "3.16000000",
        "quoteQty": "0.00298462",
        "time": 1629986339117,
        "isBuyerMaker": false,
        "isBestMatch": true
    },
    {
        "id": 7818294,
        "price": "0.00094450",
        "qty": "0.48000000",
        "quoteQty": "0.00045336",
        "time": 1629986339117,
        "isBuyerMaker": false,
        "isBestMatch": true
    },
    {
        "id": 7818295,
        "price": "0.00094450",
        "qty": "7.49000000",
        "quoteQty": "0.00707430",
        "time": 1629986339138,
        "isBuyerMaker": false,
        "isBestMatch": true
    },
    {
        "id": 7818296,
        "price": "0.00094450",
        "qty": "1.55000000",
        "quoteQty": "0.00146397",
        "time": 1629986339145,
        "isBuyerMaker": false,
        "isBestMatch": true
    },
    {
        "id": 7818297,
        "price": "0.00094450",
        "qty": "6.48000000",
        "quoteQty": "0.00612036",
        "time": 1629986339145,
        "isBuyerMaker": false,
        "isBestMatch": true
    },
    {
        "id": 7818298,
        "price": "0.00094450",
        "qty": "2.52000000",
        "quoteQty": "0.00238014",
        "time": 1629986339166,
        "isBuyerMaker": false,
        "isBestMatch": true
    },
    {
        "id": 7818299,
        "price": "0.00094470",
        "qty": "0.92000000",
        "quoteQty": "0.00086912",
        "time": 1629986339168,
        "isBuyerMaker": false,
        "isBestMatch": true
    },
    {
        "id": 7818300,
        "price": "0.00094480",
        "qty": "0.81000000",
        "quoteQty": "0.00076528",
        "time": 1629986339168,
        "isBuyerMaker": false,
        "isBestMatch": true
    },
    {
        "id": 7818301,
        "price": "0.00094480",
        "qty": "0.80000000",
        "quoteQty": "0.00075584",
        "time": 1629986339168,
        "isBuyerMaker": false,
        "isBestMatch": true
    },
    {
        "id": 7818302,
        "price": "0.00094480",
        "qty": "1.20000000",
        "quoteQty": "0.00113376",
        "time": 1629986339168,
        "isBuyerMaker": false,
        "isBestMatch": true
    },
    {
        "id": 7818303,
        "price": "0.00094490",
        "qty": "0.49000000",
        "quoteQty": "0.00046300",
        "time": 1629986339172,
        "isBuyerMaker": false,
        "isBestMatch": true
    },
    {
        "id": 7818304,
        "price": "0.00094490",
        "qty": "0.35000000",
        "quoteQty": "0.00033071",
        "time": 1629986339172,
        "isBuyerMaker": false,
        "isBestMatch": true
    },
    {
        "id": 7818305,
        "price": "0.00094490",
        "qty": "0.14000000",
        "quoteQty": "0.00013228",
        "time": 1629986339172,
        "isBuyerMaker": false,
        "isBestMatch": true
    },
    {
        "id": 7818306,
        "price": "0.00094490",
        "qty": "0.21000000",
        "quoteQty": "0.00019842",
        "time": 1629986339185,
        "isBuyerMaker": false,
        "isBestMatch": true
    },
    {
        "id": 7818307,
        "price": "0.00094500",
        "qty": "4.00000000",
        "quoteQty": "0.00378000",
        "time": 1629986339185,
        "isBuyerMaker": false,
        "isBestMatch": true
    },
    {
        "id": 7818308,
        "price": "0.00094500",
        "qty": "10.00000000",
        "quoteQty": "0.00945000",
        "time": 1629986339185,
        "isBuyerMaker": false,
        "isBestMatch": true
    },
    {
        "id": 7818309,
        "price": "0.00094520",
        "qty": "0.32000000",
        "quoteQty": "0.00030246",
        "time": 1629986339430,
        "isBuyerMaker": false,
        "isBestMatch": true
    },
    {
        "id": 7818310,
        "price": "0.00094520",
        "qty": "0.88000000",
        "quoteQty": "0.00083177",
        "time": 1629986339430,
        "isBuyerMaker": false,
        "isBestMatch": true
    },
    {
        "id": 7818311,
        "price": "0.00094520",
        "qty": "0.09000000",
        "quoteQty": "0.00008506",
        "time": 1629986339441,
        "isBuyerMaker": false,
        "isBestMatch": true
    },
    {
        "id": 7818312,
        "price": "0.00094560",
        "qty": "0.57000000",
        "quoteQty": "0.00053899",
        "time": 1629986344842,
        "isBuyerMaker": false,
        "isBestMatch": true
    },
    {
        "id": 7818313,
        "price": "0.00094570",
        "qty": "0.21000000",
        "quoteQty": "0.00019859",
        "time": 1629986344929,
        "isBuyerMaker": false,
        "isBestMatch": true
    },
    {
        "id": 7818314,
        "price": "0.00094580",
        "qty": "0.31000000",
        "quoteQty": "0.00029319",
        "time": 1629986345463,
        "isBuyerMaker": false,
        "isBestMatch": true
    },
    {
        "id": 7818315,
        "price": "0.00094620",
        "qty": "0.60000000",
        "quoteQty": "0.00056772",
        "time": 1629986345463,
        "isBuyerMaker": false,
        "isBestMatch": true
    },
    {
        "id": 7818316,
        "price": "0.00094640",
        "qty": "0.59000000",
        "quoteQty": "0.00055837",
        "time": 1629986345463,
        "isBuyerMaker": false,
        "isBestMatch": true
    },
    {
        "id": 7818317,
        "price": "0.00094640",
        "qty": "0.04000000",
        "quoteQty": "0.00003785",
        "time": 1629986345665,
        "isBuyerMaker": false,
        "isBestMatch": true
    },
    {
        "id": 7818318,
        "price": "0.00094650",
        "qty": "4.53000000",
        "quoteQty": "0.00428764",
        "time": 1629986345665,
        "isBuyerMaker": false,
        "isBestMatch": true
    },
    {
        "id": 7818319,
        "price": "0.00094580",
        "qty": "0.11000000",
        "quoteQty": "0.00010403",
        "time": 1629986348806,
        "isBuyerMaker": true,
        "isBestMatch": true
    },
    {
        "id": 7818320,
        "price": "0.00094650",
        "qty": "12.19000000",
        "quoteQty": "0.01153783",
        "time": 1629986353378,
        "isBuyerMaker": true,
        "isBestMatch": true
    },
    {
        "id": 7818321,
        "price": "0.00094650",
        "qty": "30.54000000",
        "quoteQty": "0.02890611",
        "time": 1629986353378,
        "isBuyerMaker": true,
        "isBestMatch": true
    },
    {
        "id": 7818322,
        "price": "0.00094650",
        "qty": "8.50000000",
        "quoteQty": "0.00804525",
        "time": 1629986353436,
        "isBuyerMaker": true,
        "isBestMatch": true
    },
    {
        "id": 7818323,
        "price": "0.00094650",
        "qty": "4.29000000",
        "quoteQty": "0.00406048",
        "time": 1629986353451,
        "isBuyerMaker": true,
        "isBestMatch": true
    },
    {
        "id": 7818324,
        "price": "0.00094640",
        "qty": "7.55000000",
        "quoteQty": "0.00714532",
        "time": 1629986353470,
        "isBuyerMaker": true,
        "isBestMatch": true
    },
    {
        "id": 7818325,
        "price": "0.00094660",
        "qty": "0.68000000",
        "quoteQty": "0.00064368",
        "time": 1629986354322,
        "isBuyerMaker": false,
        "isBestMatch": true
    },
    {
        "id": 7818326,
        "price": "0.00094630",
        "qty": "0.22000000",
        "quoteQty": "0.00020818",
        "time": 1629986355306,
        "isBuyerMaker": true,
        "isBestMatch": true
    },
    {
        "id": 7818327,
        "price": "0.00094660",
        "qty": "0.34000000",
        "quoteQty": "0.00032184",
        "time": 1629986355840,
        "isBuyerMaker": true,
        "isBestMatch": true
    },
    {
        "id": 7818328,
        "price": "0.00094670",
        "qty": "0.32000000",
        "quoteQty": "0.00030294",
        "time": 1629986361303,
        "isBuyerMaker": false,
        "isBestMatch": true
    },
    {
        "id": 7818329,
        "price": "0.00094710",
        "qty": "0.26000000",
        "quoteQty": "0.00024624",
        "time": 1629986361303,
        "isBuyerMaker": false,
        "isBestMatch": true
    },
    {
        "id": 7818330,
        "price": "0.00094720",
        "qty": "0.49000000",
        "quoteQty": "0.00046412",
        "time": 1629986361303,
        "isBuyerMaker": false,
        "isBestMatch": true
    },
    {
        "id": 7818331,
        "price": "0.00094720",
        "qty": "0.30000000",
        "quoteQty": "0.00028416",
        "time": 1629986361303,
        "isBuyerMaker": false,
        "isBestMatch": true
    },
    {
        "id": 7818332,
        "price": "0.00094720",
        "qty": "0.93000000",
        "quoteQty": "0.00088089",
        "time": 1629986361303,
        "isBuyerMaker": false,
        "isBestMatch": true
    },
    {
        "id": 7818333,
        "price": "0.00094720",
        "qty": "11.26000000",
        "quoteQty": "0.01066547",
        "time": 1629986362969,
        "isBuyerMaker": false,
        "isBestMatch": true
    },
    {
        "id": 7818334,
        "price": "0.00094730",
        "qty": "0.94000000",
        "quoteQty": "0.00089046",
        "time": 1629986362969,
        "isBuyerMaker": false,
        "isBestMatch": true
    },
    {
        "id": 7818335,
        "price": "0.00094740",
        "qty": "0.46000000",
        "quoteQty": "0.00043580",
        "time": 1629986362969,
        "isBuyerMaker": false,
        "isBestMatch": true
    },
    {
        "id": 7818336,
        "price": "0.00094740",
        "qty": "0.30000000",
        "quoteQty": "0.00028422",
        "time": 1629986362969,
        "isBuyerMaker": false,
        "isBestMatch": true
    },
    {
        "id": 7818337,
        "price": "0.00094750",
        "qty": "0.80000000",
        "quoteQty": "0.00075800",
        "time": 1629986362969,
        "isBuyerMaker": false,
        "isBestMatch": true
    },
    {
        "id": 7818338,
        "price": "0.00094750",
        "qty": "6.40000000",
        "quoteQty": "0.00606400",
        "time": 1629986362969,
        "isBuyerMaker": false,
        "isBestMatch": true
    },
    {
        "id": 7818339,
        "price": "0.00094760",
        "qty": "0.57000000",
        "quoteQty": "0.00054013",
        "time": 1629986362969,
        "isBuyerMaker": false,
        "isBestMatch": true
    },
    {
        "id": 7818340,
        "price": "0.00094780",
        "qty": "0.24000000",
        "quoteQty": "0.00022747",
        "time": 1629986362969,
        "isBuyerMaker": false,
        "isBestMatch": true
    },
    {
        "id": 7818341,
        "price": "0.00094790",
        "qty": "0.82000000",
        "quoteQty": "0.00077727",
        "time": 1629986362969,
        "isBuyerMaker": false,
        "isBestMatch": true
    },
    {
        "id": 7818342,
        "price": "0.00094790",
        "qty": "0.11000000",
        "quoteQty": "0.00010426",
        "time": 1629986362969,
        "isBuyerMaker": false,
        "isBestMatch": true
    },
    {
        "id": 7818343,
        "price": "0.00094800",
        "qty": "3.15000000",
        "quoteQty": "0.00298620",
        "time": 1629986362969,
        "isBuyerMaker": false,
        "isBestMatch": true
    },
    {
        "id": 7818344,
        "price": "0.00094800",
        "qty": "20.65000000",
        "quoteQty": "0.01957620",
        "time": 1629986362969,
        "isBuyerMaker": false,
        "isBestMatch": true
    },
    {
        "id": 7818345,
        "price": "0.00094770",
        "qty": "15.25000000",
        "quoteQty": "0.01445242",
        "time": 1629986365186,
        "isBuyerMaker": true,
        "isBestMatch": true
    },
    {
        "id": 7818346,
        "price": "0.00094760",
        "qty": "0.24000000",
        "quoteQty": "0.00022742",
        "time": 1629986366480,
        "isBuyerMaker": false,
        "isBestMatch": true
    },
    {
        "id": 7818347,
        "price": "0.00094770",
        "qty": "42.68000000",
        "quoteQty": "0.04044783",
        "time": 1629986366480,
        "isBuyerMaker": false,
        "isBestMatch": true
    },
    {
        "id": 7818348,
        "price": "0.00094780",
        "qty": "25.82000000",
        "quoteQty": "0.02447219",
        "time": 1629986366480,
        "isBuyerMaker": false,
        "isBestMatch": true
    },
    {
        "id": 7818349,
        "price": "0.00094780",
        "qty": "10.86000000",
        "quoteQty": "0.01029310",
        "time": 1629986366480,
        "isBuyerMaker": false,
        "isBestMatch": true
    },
    {
        "id": 7818350,
        "price": "0.00094770",
        "qty": "0.11000000",
        "quoteQty": "0.00010424",
        "time": 1629986369606,
        "isBuyerMaker": false,
        "isBestMatch": true
    },
    {
        "id": 7818351,
        "price": "0.00094770",
        "qty": "0.54000000",
        "quoteQty": "0.00051175",
        "time": 1629986369975,
        "isBuyerMaker": false,
        "isBestMatch": true
    },
    {
        "id": 7818352,
        "price": "0.00094780",
        "qty": "6.15000000",
        "quoteQty": "0.00582897",
        "time": 1629986369975,
        "isBuyerMaker": false,
        "isBestMatch": true
    },
    {
        "id": 7818353,
        "price": "0.00094820",
        "qty": "0.32000000",
        "quoteQty": "0.00030342",
        "time": 1629986369975,
        "isBuyerMaker": false,
        "isBestMatch": true
    },
    {
        "id": 7818354,
        "price": "0.00094820",
        "qty": "0.36000000",
        "quoteQty": "0.00034135",
        "time": 1629986369975,
        "isBuyerMaker": false,
        "isBestMatch": true
    },
    {
        "id": 7818355,
        "price": "0.00094830",
        "qty": "1.22000000",
        "quoteQty": "0.00115692",
        "time": 1629986369975,
        "isBuyerMaker": false,
        "isBestMatch": true
    },
    {
        "id": 7818356,
        "price": "0.00094850",
        "qty": "0.57000000",
        "quoteQty": "0.00054064",
        "time": 1629986369975,
        "isBuyerMaker": false,
        "isBestMatch": true
    },
    {
        "id": 7818357,
        "price": "0.00094880",
        "qty": "0.40000000",
        "quoteQty": "0.00037952",
        "time": 1629986369975,
        "isBuyerMaker": false,
        "isBestMatch": true
    },
    {
        "id": 7818358,
        "price": "0.00094880",
        "qty": "38.31000000",
        "quoteQty": "0.03634852",
        "time": 1629986369975,
        "isBuyerMaker": false,
        "isBestMatch": true
    },
    {
        "id": 7818359,
        "price": "0.00094780",
        "qty": "2.30000000",
        "quoteQty": "0.00217994",
        "time": 1629986370521,
        "isBuyerMaker": false,
        "isBestMatch": true
    },
    {
        "id": 7818360,
        "price": "0.00094890",
        "qty": "9.00000000",
        "quoteQty": "0.00854010",
        "time": 1629986373946,
        "isBuyerMaker": false,
        "isBestMatch": true
    },
    {
        "id": 7818361,
        "price": "0.00094890",
        "qty": "2.83000000",
        "quoteQty": "0.00268538",
        "time": 1629986373946,
        "isBuyerMaker": false,
        "isBestMatch": true
    },
    {
        "id": 7818362,
        "price": "0.00094900",
        "qty": "0.35000000",
        "quoteQty": "0.00033215",
        "time": 1629986373946,
        "isBuyerMaker": false,
        "isBestMatch": true
    },
    {
        "id": 7818363,
        "price": "0.00094900",
        "qty": "3.22000000",
        "quoteQty": "0.00305578",
        "time": 1629986373946,
        "isBuyerMaker": false,
        "isBestMatch": true
    },
    {
        "id": 7818364,
        "price": "0.00094900",
        "qty": "1.18000000",
        "quoteQty": "0.00111982",
        "time": 1629986373946,
        "isBuyerMaker": false,
        "isBestMatch": true
    },
    {
        "id": 7818365,
        "price": "0.00094920",
        "qty": "10.00000000",
        "quoteQty": "0.00949200",
        "time": 1629986373946,
        "isBuyerMaker": false,
        "isBestMatch": true
    },
    {
        "id": 7818366,
        "price": "0.00094780",
        "qty": "9.79000000",
        "quoteQty": "0.00927896",
        "time": 1629986373976,
        "isBuyerMaker": true,
        "isBestMatch": true
    },
    {
        "id": 7818367,
        "price": "0.00094930",
        "qty": "9.00000000",
        "quoteQty": "0.00854370",
        "time": 1629986377963,
        "isBuyerMaker": false,
        "isBestMatch": true
    },
    {
        "id": 7818368,
        "price": "0.00094930",
        "qty": "3.62000000",
        "quoteQty": "0.00343646",
        "time": 1629986377963,
        "isBuyerMaker": false,
        "isBestMatch": true
    },
    {
        "id": 7818369,
        "price": "0.00094940",
        "qty": "5.17000000",
        "quoteQty": "0.00490839",
        "time": 1629986378481,
        "isBuyerMaker": false,
        "isBestMatch": true
    },
    {
        "id": 7818370,
        "price": "0.00094940",
        "qty": "3.04000000",
        "quoteQty": "0.00288617",
        "time": 1629986378481,
        "isBuyerMaker": false,
        "isBestMatch": true
    },
    {
        "id": 7818371,
        "price": "0.00094940",
        "qty": "8.29000000",
        "quoteQty": "0.00787052",
        "time": 1629986378481,
        "isBuyerMaker": false,
        "isBestMatch": true
    },
    {
        "id": 7818372,
        "price": "0.00094890",
        "qty": "42.61000000",
        "quoteQty": "0.04043262",
        "time": 1629986381648,
        "isBuyerMaker": true,
        "isBestMatch": true
    },
    {
        "id": 7818373,
        "price": "0.00094920",
        "qty": "42.61000000",
        "quoteQty": "0.04044541",
        "time": 1629986381966,
        "isBuyerMaker": false,
        "isBestMatch": true
    },
    {
        "id": 7818374,
        "price": "0.00094950",
        "qty": "0.49000000",
        "quoteQty": "0.00046525",
        "time": 1629986381966,
        "isBuyerMaker": false,
        "isBestMatch": true
    },
    {
        "id": 7818375,
        "price": "0.00094950",
        "qty": "0.21000000",
        "quoteQty": "0.00019939",
        "time": 1629986381966,
        "isBuyerMaker": false,
        "isBestMatch": true
    },
    {
        "id": 7818376,
        "price": "0.00094950",
        "qty": "0.92000000",
        "quoteQty": "0.00087354",
        "time": 1629986381966,
        "isBuyerMaker": false,
        "isBestMatch": true
    },
    {
        "id": 7818377,
        "price": "0.00094950",
        "qty": "0.81000000",
        "quoteQty": "0.00076909",
        "time": 1629986381966,
        "isBuyerMaker": false,
        "isBestMatch": true
    },
    {
        "id": 7818378,
        "price": "0.00094960",
        "qty": "5.04000000",
        "quoteQty": "0.00478598",
        "time": 1629986381966,
        "isBuyerMaker": false,
        "isBestMatch": true
    },
    {
        "id": 7818379,
        "price": "0.00094960",
        "qty": "0.39000000",
        "quoteQty": "0.00037034",
        "time": 1629986381966,
        "isBuyerMaker": false,
        "isBestMatch": true
    },
    {
        "id": 7818380,
        "price": "0.00094970",
        "qty": "0.32000000",
        "quoteQty": "0.00030390",
        "time": 1629986381966,
        "isBuyerMaker": false,
        "isBestMatch": true
    },
    {
        "id": 7818381,
        "price": "0.00094970",
        "qty": "0.15000000",
        "quoteQty": "0.00014245",
        "time": 1629986381966,
        "isBuyerMaker": false,
        "isBestMatch": true
    },
    {
        "id": 7818382,
        "price": "0.00094990",
        "qty": "0.11000000",
        "quoteQty": "0.00010448",
        "time": 1629986381966,
        "isBuyerMaker": false,
        "isBestMatch": true
    },
    {
        "id": 7818383,
        "price": "0.00095000",
        "qty": "4.00000000",
        "quoteQty": "0.00380000",
        "time": 1629986381966,
        "isBuyerMaker": false,
        "isBestMatch": true
    },
    {
        "id": 7818384,
        "price": "0.00095000",
        "qty": "3.00000000",
        "quoteQty": "0.00285000",
        "time": 1629986381966,
        "isBuyerMaker": false,
        "isBestMatch": true
    },
    {
        "id": 7818385,
        "price": "0.00095000",
        "qty": "3.00000000",
        "quoteQty": "0.00285000",
        "time": 1629986381966,
        "isBuyerMaker": false,
        "isBestMatch": true
    },
    {
        "id": 7818386,
        "price": "0.00095020",
        "qty": "0.46000000",
        "quoteQty": "0.00043709",
        "time": 1629986381966,
        "isBuyerMaker": false,
        "isBestMatch": true
    },
    {
        "id": 7818387,
        "price": "0.00095020",
        "qty": "4.13000000",
        "quoteQty": "0.00392432",
        "time": 1629986381966,
        "isBuyerMaker": false,
        "isBestMatch": true
    },
    {
        "id": 7818388,
        "price": "0.00095020",
        "qty": "10.00000000",
        "quoteQty": "0.00950200",
        "time": 1629986381966,
        "isBuyerMaker": false,
        "isBestMatch": true
    },
    {
        "id": 7818389,
        "price": "0.00095000",
        "qty": "9.00000000",
        "quoteQty": "0.00855000",
        "time": 1629986382513,
        "isBuyerMaker": false,
        "isBestMatch": true
    },
    {
        "id": 7818390,
        "price": "0.00095010",
        "qty": "17.20000000",
        "quoteQty": "0.01634172",
        "time": 1629986382513,
        "isBuyerMaker": false,
        "isBestMatch": true
    },
    {
        "id": 7818391,
        "price": "0.00095030",
        "qty": "0.11000000",
        "quoteQty": "0.00010453",
        "time": 1629986388112,
        "isBuyerMaker": false,
        "isBestMatch": true
    },
    {
        "id": 7818392,
        "price": "0.00094960",
        "qty": "5.03000000",
        "quoteQty": "0.00477648",
        "time": 1629986388734,
        "isBuyerMaker": true,
        "isBestMatch": true
    },
    {
        "id": 7818393,
        "price": "0.00095030",
        "qty": "0.19000000",
        "quoteQty": "0.00018055",
        "time": 1629986390445,
        "isBuyerMaker": false,
        "isBestMatch": true
    },
    {
        "id": 7818394,
        "price": "0.00095040",
        "qty": "7.71000000",
        "quoteQty": "0.00732758",
        "time": 1629986390445,
        "isBuyerMaker": false,
        "isBestMatch": true
    },
    {
        "id": 7818395,
        "price": "0.00095050",
        "qty": "2.31000000",
        "quoteQty": "0.00219565",
        "time": 1629986396392,
        "isBuyerMaker": false,
        "isBestMatch": true
    },
    {
        "id": 7818396,
        "price": "0.00095090",
        "qty": "0.60000000",
        "quoteQty": "0.00057054",
        "time": 1629986396392,
        "isBuyerMaker": false,
        "isBestMatch": true
    },
    {
        "id": 7818397,
        "price": "0.00095090",
        "qty": "0.80000000",
        "quoteQty": "0.00076072",
        "time": 1629986396392,
        "isBuyerMaker": false,
        "isBestMatch": true
    },
    {
        "id": 7818398,
        "price": "0.00095120",
        "qty": "0.32000000",
        "quoteQty": "0.00030438",
        "time": 1629986396392,
        "isBuyerMaker": false,
        "isBestMatch": true
    },
    {
        "id": 7818399,
        "price": "0.00095130",
        "qty": "0.67000000",
        "quoteQty": "0.00063737",
        "time": 1629986396392,
        "isBuyerMaker": false,
        "isBestMatch": true
    },
    {
        "id": 7818400,
        "price": "0.00095150",
        "qty": "0.57000000",
        "quoteQty": "0.00054235",
        "time": 1629986396392,
        "isBuyerMaker": false,
        "isBestMatch": true
    },
    {
        "id": 7818401,
        "price": "0.00095150",
        "qty": "1.56000000",
        "quoteQty": "0.00148434",
        "time": 1629986396392,
        "isBuyerMaker": false,
        "isBestMatch": true
    },
    {
        "id": 7818402,
        "price": "0.00095050",
        "qty": "9.00000000",
        "quoteQty": "0.00855450",
        "time": 1629986400145,
        "isBuyerMaker": true,
        "isBestMatch": true
    },
    {
        "id": 7818403,
        "price": "0.00095050",
        "qty": "10.16000000",
        "quoteQty": "0.00965708",
        "time": 1629986400145,
        "isBuyerMaker": true,
        "isBestMatch": true
    },
    {
        "id": 7818404,
        "price": "0.00095150",
        "qty": "1.58000000",
        "quoteQty": "0.00150337",
        "time": 1629986400251,
        "isBuyerMaker": false,
        "isBestMatch": true
    },
    {
        "id": 7818405,
        "price": "0.00095150",
        "qty": "8.35000000",
        "quoteQty": "0.00794502",
        "time": 1629986400251,
        "isBuyerMaker": false,
        "isBestMatch": true
    },
    {
        "id": 7818406,
        "price": "0.00095150",
        "qty": "10.81000000",
        "quoteQty": "0.01028571",
        "time": 1629986400259,
        "isBuyerMaker": false,
        "isBestMatch": true
    },
    {
        "id": 7818407,
        "price": "0.00095150",
        "qty": "9.11000000",
        "quoteQty": "0.00866816",
        "time": 1629986402284,
        "isBuyerMaker": false,
        "isBestMatch": true
    },
    {
        "id": 7818408,
        "price": "0.00095150",
        "qty": "9.37000000",
        "quoteQty": "0.00891555",
        "time": 1629986402296,
        "isBuyerMaker": false,
        "isBestMatch": true
    },
    {
        "id": 7818409,
        "price": "0.00095150",
        "qty": "3.49000000",
        "quoteQty": "0.00332073",
        "time": 1629986402381,
        "isBuyerMaker": false,
        "isBestMatch": true
    },
    {
        "id": 7818410,
        "price": "0.00095150",
        "qty": "3.95000000",
        "quoteQty": "0.00375842",
        "time": 1629986402381,
        "isBuyerMaker": false,
        "isBestMatch": true
    },
    {
        "id": 7818411,
        "price": "0.00095150",
        "qty": "9.98000000",
        "quoteQty": "0.00949597",
        "time": 1629986402423,
        "isBuyerMaker": false,
        "isBestMatch": true
    },
    {
        "id": 7818412,
        "price": "0.00095140",
        "qty": "5.23000000",
        "quoteQty": "0.00497582",
        "time": 1629986403145,
        "isBuyerMaker": true,
        "isBestMatch": true
    },
    {
        "id": 7818413,
        "price": "0.00095110",
        "qty": "6.26000000",
        "quoteQty": "0.00595388",
        "time": 1629986407620,
        "isBuyerMaker": true,
        "isBestMatch": true
    },
    {
        "id": 7818414,
        "price": "0.00095020",
        "qty": "1.51000000",
        "quoteQty": "0.00143480",
        "time": 1629986407696,
        "isBuyerMaker": true,
        "isBestMatch": true
    },
    {
        "id": 7818415,
        "price": "0.00095020",
        "qty": "8.49000000",
        "quoteQty": "0.00806719",
        "time": 1629986407701,
        "isBuyerMaker": true,
        "isBestMatch": true
    },
    {
        "id": 7818416,
        "price": "0.00095000",
        "qty": "0.11000000",
        "quoteQty": "0.00010450",
        "time": 1629986407797,
        "isBuyerMaker": true,
        "isBestMatch": true
    },
    {
        "id": 7818417,
        "price": "0.00095000",
        "qty": "0.36000000",
        "quoteQty": "0.00034200",
        "time": 1629986407800,
        "isBuyerMaker": true,
        "isBestMatch": true
    },
    {
        "id": 7818418,
        "price": "0.00095000",
        "qty": "0.33000000",
        "quoteQty": "0.00031350",
        "time": 1629986407875,
        "isBuyerMaker": true,
        "isBestMatch": true
    },
    {
        "id": 7818419,
        "price": "0.00095000",
        "qty": "35.90000000",
        "quoteQty": "0.03410500",
        "time": 1629986408646,
        "isBuyerMaker": true,
        "isBestMatch": true
    },
    {
        "id": 7818420,
        "price": "0.00094960",
        "qty": "10.76000000",
        "quoteQty": "0.01021769",
        "time": 1629986408646,
        "isBuyerMaker": true,
        "isBestMatch": true
    },
    {
        "id": 7818421,
        "price": "0.00094960",
        "qty": "7.92000000",
        "quoteQty": "0.00752083",
        "time": 1629986410010,
        "isBuyerMaker": true,
        "isBestMatch": true
    },
    {
        "id": 7818422,
        "price": "0.00095030",
        "qty": "4.04000000",
        "quoteQty": "0.00383921",
        "time": 1629986412167,
        "isBuyerMaker": true,
        "isBestMatch": true
    },
    {
        "id": 7818423,
        "price": "0.00095030",
        "qty": "1.78000000",
        "quoteQty": "0.00169153",
        "time": 1629986412167,
        "isBuyerMaker": true,
        "isBestMatch": true
    },
    {
        "id": 7818424,
        "price": "0.00095010",
        "qty": "0.23000000",
        "quoteQty": "0.00021852",
        "time": 1629986413336,
        "isBuyerMaker": true,
        "isBestMatch": true
    },
    {
        "id": 7818425,
        "price": "0.00094960",
        "qty": "17.50000000",
        "quoteQty": "0.01661800",
        "time": 1629986414035,
        "isBuyerMaker": true,
        "isBestMatch": true
    },
    {
        "id": 7818426,
        "price": "0.00094960",
        "qty": "17.50000000",
        "quoteQty": "0.01661800",
        "time": 1629986415051,
        "isBuyerMaker": true,
        "isBestMatch": true
    },
    {
        "id": 7818427,
        "price": "0.00094960",
        "qty": "15.92000000",
        "quoteQty": "0.01511763",
        "time": 1629986416043,
        "isBuyerMaker": true,
        "isBestMatch": true
    },
    {
        "id": 7818428,
        "price": "0.00094960",
        "qty": "0.11000000",
        "quoteQty": "0.00010445",
        "time": 1629986416394,
        "isBuyerMaker": true,
        "isBestMatch": true
    },
    {
        "id": 7818429,
        "price": "0.00094960",
        "qty": "10.70000000",
        "quoteQty": "0.01016072",
        "time": 1629986417927,
        "isBuyerMaker": true,
        "isBestMatch": true
    },
    {
        "id": 7818430,
        "price": "0.00094960",
        "qty": "8.62000000",
        "quoteQty": "0.00818555",
        "time": 1629986417933,
        "isBuyerMaker": true,
        "isBestMatch": true
    },
    {
        "id": 7818431,
        "price": "0.00094960",
        "qty": "433.68000000",
        "quoteQty": "0.41182252",
        "time": 1629986418331,
        "isBuyerMaker": true,
        "isBestMatch": true
    },
    {
        "id": 7818432,
        "price": "0.00094870",
        "qty": "0.65000000",
        "quoteQty": "0.00061665",
        "time": 1629986421001,
        "isBuyerMaker": true,
        "isBestMatch": true
    },
    {
        "id": 7818433,
        "price": "0.00095030",
        "qty": "12.71000000",
        "quoteQty": "0.01207831",
        "time": 1629986431471,
        "isBuyerMaker": false,
        "isBestMatch": true
    },
    {
        "id": 7818434,
        "price": "0.00095030",
        "qty": "0.32000000",
        "quoteQty": "0.00030409",
        "time": 1629986431550,
        "isBuyerMaker": false,
        "isBestMatch": true
    },
    {
        "id": 7818435,
        "price": "0.00095030",
        "qty": "1.14000000",
        "quoteQty": "0.00108334",
        "time": 1629986431690,
        "isBuyerMaker": false,
        "isBestMatch": true
    },
    {
        "id": 7818436,
        "price": "0.00094970",
        "qty": "13.33000000",
        "quoteQty": "0.01265950",
        "time": 1629986437567,
        "isBuyerMaker": true,
        "isBestMatch": true
    },
    {
        "id": 7818437,
        "price": "0.00095030",
        "qty": "2.44000000",
        "quoteQty": "0.00231873",
        "time": 1629986441028,
        "isBuyerMaker": true,
        "isBestMatch": true
    },
    {
        "id": 7818438,
        "price": "0.00095020",
        "qty": "0.22000000",
        "quoteQty": "0.00020904",
        "time": 1629986443668,
        "isBuyerMaker": false,
        "isBestMatch": true
    },
    {
        "id": 7818439,
        "price": "0.00095030",
        "qty": "3.00000000",
        "quoteQty": "0.00285090",
        "time": 1629986447616,
        "isBuyerMaker": false,
        "isBestMatch": true
    },
    {
        "id": 7818440,
        "price": "0.00095040",
        "qty": "0.29000000",
        "quoteQty": "0.00027561",
        "time": 1629986447616,
        "isBuyerMaker": false,
        "isBestMatch": true
    },
    {
        "id": 7818441,
        "price": "0.00094970",
        "qty": "3.71000000",
        "quoteQty": "0.00352338",
        "time": 1629986450676,
        "isBuyerMaker": true,
        "isBestMatch": true
    },
    {
        "id": 7818442,
        "price": "0.00094990",
        "qty": "32.27000000",
        "quoteQty": "0.03065327",
        "time": 1629986456293,
        "isBuyerMaker": true,
        "isBestMatch": true
    },
    {
        "id": 7818443,
        "price": "0.00094990",
        "qty": "23.09000000",
        "quoteQty": "0.02193319",
        "time": 1629986456350,
        "isBuyerMaker": true,
        "isBestMatch": true
    },
    {
        "id": 7818444,
        "price": "0.00095000",
        "qty": "9.00000000",
        "quoteQty": "0.00855000",
        "time": 1629986456952,
        "isBuyerMaker": true,
        "isBestMatch": true
    },
    {
        "id": 7818445,
        "price": "0.00095000",
        "qty": "9.00000000",
        "quoteQty": "0.00855000",
        "time": 1629986456994,
        "isBuyerMaker": true,
        "isBestMatch": true
    },
    {
        "id": 7818446,
        "price": "0.00095040",
        "qty": "0.38000000",
        "quoteQty": "0.00036115",
        "time": 1629986457023,
        "isBuyerMaker": true,
        "isBestMatch": true
    },
    {
        "id": 7818447,
        "price": "0.00095040",
        "qty": "55.87000000",
        "quoteQty": "0.05309884",
        "time": 1629986457046,
        "isBuyerMaker": true,
        "isBestMatch": true
    },
    {
        "id": 7818448,
        "price": "0.00095040",
        "qty": "10.63000000",
        "quoteQty": "0.01010275",
        "time": 1629986457090,
        "isBuyerMaker": true,
        "isBestMatch": true
    },
    {
        "id": 7818449,
        "price": "0.00095000",
        "qty": "9.00000000",
        "quoteQty": "0.00855000",
        "time": 1629986457146,
        "isBuyerMaker": true,
        "isBestMatch": true
    },
    {
        "id": 7818450,
        "price": "0.00095000",
        "qty": "11.31000000",
        "quoteQty": "0.01074450",
        "time": 1629986457146,
        "isBuyerMaker": true,
        "isBestMatch": true
    },
    {
        "id": 7818451,
        "price": "0.00094990",
        "qty": "45.26000000",
        "quoteQty": "0.04299247",
        "time": 1629986457192,
        "isBuyerMaker": true,
        "isBestMatch": true
    },
    {
        "id": 7818452,
        "price": "0.00094990",
        "qty": "8.92000000",
        "quoteQty": "0.00847310",
        "time": 1629986457192,
        "isBuyerMaker": true,
        "isBestMatch": true
    },
    {
        "id": 7818453,
        "price": "0.00095030",
        "qty": "2.11000000",
        "quoteQty": "0.00200513",
        "time": 1629986458636,
        "isBuyerMaker": false,
        "isBestMatch": true
    },
    {
        "id": 7818454,
        "price": "0.00094990",
        "qty": "4.99000000",
        "quoteQty": "0.00474000",
        "time": 1629986461956,
        "isBuyerMaker": true,
        "isBestMatch": true
    },
    {
        "id": 7818455,
        "price": "0.00094990",
        "qty": "5.05000000",
        "quoteQty": "0.00479699",
        "time": 1629986462050,
        "isBuyerMaker": true,
        "isBestMatch": true
    },
    {
        "id": 7818456,
        "price": "0.00094990",
        "qty": "4.96000000",
        "quoteQty": "0.00471150",
        "time": 1629986462096,
        "isBuyerMaker": true,
        "isBestMatch": true
    },
    {
        "id": 7818457,
        "price": "0.00095000",
        "qty": "4.86000000",
        "quoteQty": "0.00461700",
        "time": 1629986462156,
        "isBuyerMaker": true,
        "isBestMatch": true
    },
    {
        "id": 7818458,
        "price": "0.00095000",
        "qty": "4.14000000",
        "quoteQty": "0.00393300",
        "time": 1629986462206,
        "isBuyerMaker": true,
        "isBestMatch": true
    },
    {
        "id": 7818459,
        "price": "0.00094970",
        "qty": "0.11000000",
        "quoteQty": "0.00010446",
        "time": 1629986463418,
        "isBuyerMaker": true,
        "isBestMatch": true
    },
    {
        "id": 7818460,
        "price": "0.00094960",
        "qty": "4.17000000",
        "quoteQty": "0.00395983",
        "time": 1629986469205,
        "isBuyerMaker": true,
        "isBestMatch": true
    },
    {
        "id": 7818461,
        "price": "0.00094880",
        "qty": "27.56000000",
        "quoteQty": "0.02614892",
        "time": 1629986469205,
        "isBuyerMaker": true,
        "isBestMatch": true
    },
    {
        "id": 7818462,
        "price": "0.00094960",
        "qty": "1.67000000",
        "quoteQty": "0.00158583",
        "time": 1629986472358,
        "isBuyerMaker": false,
        "isBestMatch": true
    },
    {
        "id": 7818463,
        "price": "0.00094910",
        "qty": "0.51000000",
        "quoteQty": "0.00048404",
        "time": 1629986474749,
        "isBuyerMaker": true,
        "isBestMatch": true
    },
    {
        "id": 7818464,
        "price": "0.00094960",
        "qty": "11.55000000",
        "quoteQty": "0.01096788",
        "time": 1629986476037,
        "isBuyerMaker": false,
        "isBestMatch": true
    },
    {
        "id": 7818465,
        "price": "0.00094800",
        "qty": "0.19000000",
        "quoteQty": "0.00018012",
        "time": 1629986486348,
        "isBuyerMaker": true,
        "isBestMatch": true
    },
    {
        "id": 7818466,
        "price": "0.00094800",
        "qty": "0.13000000",
        "quoteQty": "0.00012324",
        "time": 1629986486490,
        "isBuyerMaker": true,
        "isBestMatch": true
    },
    {
        "id": 7818467,
        "price": "0.00094790",
        "qty": "0.32000000",
        "quoteQty": "0.00030332",
        "time": 1629986486983,
        "isBuyerMaker": true,
        "isBestMatch": true
    },
    {
        "id": 7818468,
        "price": "0.00094720",
        "qty": "2.44000000",
        "quoteQty": "0.00231116",
        "time": 1629986494613,
        "isBuyerMaker": true,
        "isBestMatch": true
    },
    {
        "id": 7818469,
        "price": "0.00094670",
        "qty": "0.57000000",
        "quoteQty": "0.00053961",
        "time": 1629986494879,
        "isBuyerMaker": true,
        "isBestMatch": true
    },
    {
        "id": 7818470,
        "price": "0.00094670",
        "qty": "2.30000000",
        "quoteQty": "0.00217741",
        "time": 1629986494879,
        "isBuyerMaker": true,
        "isBestMatch": true
    },
    {
        "id": 7818471,
        "price": "0.00094640",
        "qty": "0.32000000",
        "quoteQty": "0.00030284",
        "time": 1629986494898,
        "isBuyerMaker": true,
        "isBestMatch": true
    },
    {
        "id": 7818472,
        "price": "0.00094620",
        "qty": "2.12000000",
        "quoteQty": "0.00200594",
        "time": 1629986494898,
        "isBuyerMaker": true,
        "isBestMatch": true
    },
    {
        "id": 7818473,
        "price": "0.00094620",
        "qty": "0.43000000",
        "quoteQty": "0.00040686",
        "time": 1629986494898,
        "isBuyerMaker": true,
        "isBestMatch": true
    },
    {
        "id": 7818474,
        "price": "0.00094620",
        "qty": "0.77000000",
        "quoteQty": "0.00072857",
        "time": 1629986494944,
        "isBuyerMaker": true,
        "isBestMatch": true
    },
    {
        "id": 7818475,
        "price": "0.00094620",
        "qty": "1.94000000",
        "quoteQty": "0.00183562",
        "time": 1629986494957,
        "isBuyerMaker": true,
        "isBestMatch": true
    },
    {
        "id": 7818476,
        "price": "0.00094550",
        "qty": "0.46000000",
        "quoteQty": "0.00043493",
        "time": 1629986494989,
        "isBuyerMaker": true,
        "isBestMatch": true
    },
    {
        "id": 7818477,
        "price": "0.00094540",
        "qty": "0.49000000",
        "quoteQty": "0.00046324",
        "time": 1629986495173,
        "isBuyerMaker": true,
        "isBestMatch": true
    },
    {
        "id": 7818478,
        "price": "0.00094540",
        "qty": "0.30000000",
        "quoteQty": "0.00028362",
        "time": 1629986495173,
        "isBuyerMaker": true,
        "isBestMatch": true
    },
    {
        "id": 7818479,
        "price": "0.00094510",
        "qty": "0.79000000",
        "quoteQty": "0.00074662",
        "time": 1629986495191,
        "isBuyerMaker": true,
        "isBestMatch": true
    },
    {
        "id": 7818480,
        "price": "0.00094520",
        "qty": "3.90000000",
        "quoteQty": "0.00368628",
        "time": 1629986496855,
        "isBuyerMaker": false,
        "isBestMatch": true
    },
    {
        "id": 7818481,
        "price": "0.00094530",
        "qty": "10.00000000",
        "quoteQty": "0.00945300",
        "time": 1629986499229,
        "isBuyerMaker": true,
        "isBestMatch": true
    },
    {
        "id": 7818482,
        "price": "0.00094500",
        "qty": "4.00000000",
        "quoteQty": "0.00378000",
        "time": 1629986499961,
        "isBuyerMaker": true,
        "isBestMatch": true
    },
    {
        "id": 7818483,
        "price": "0.00094490",
        "qty": "0.32000000",
        "quoteQty": "0.00030236",
        "time": 1629986499979,
        "isBuyerMaker": true,
        "isBestMatch": true
    },
    {
        "id": 7818484,
        "price": "0.00094490",
        "qty": "3.92000000",
        "quoteQty": "0.00370400",
        "time": 1629986500599,
        "isBuyerMaker": false,
        "isBestMatch": true
    },
    {
        "id": 7818485,
        "price": "0.00094580",
        "qty": "9.00000000",
        "quoteQty": "0.00851220",
        "time": 1629986502114,
        "isBuyerMaker": false,
        "isBestMatch": true
    },
    {
        "id": 7818486,
        "price": "0.00094580",
        "qty": "32.42000000",
        "quoteQty": "0.03066283",
        "time": 1629986502114,
        "isBuyerMaker": false,
        "isBestMatch": true
    },
    {
        "id": 7818487,
        "price": "0.00094610",
        "qty": "0.23000000",
        "quoteQty": "0.00021760",
        "time": 1629986502114,
        "isBuyerMaker": false,
        "isBestMatch": true
    },
    {
        "id": 7818488,
        "price": "0.00094640",
        "qty": "45.42000000",
        "quoteQty": "0.04298548",
        "time": 1629986502114,
        "isBuyerMaker": false,
        "isBestMatch": true
    },
    {
        "id": 7818489,
        "price": "0.00094660",
        "qty": "16.04000000",
        "quoteQty": "0.01518346",
        "time": 1629986502114,
        "isBuyerMaker": false,
        "isBestMatch": true
    },
    {
        "id": 7818490,
        "price": "0.00094730",
        "qty": "25.79000000",
        "quoteQty": "0.02443086",
        "time": 1629986502114,
        "isBuyerMaker": false,
        "isBestMatch": true
    },
    {
        "id": 7818491,
        "price": "0.00094730",
        "qty": "25.79000000",
        "quoteQty": "0.02443086",
        "time": 1629986502114,
        "isBuyerMaker": false,
        "isBestMatch": true
    },
    {
        "id": 7818492,
        "price": "0.00094730",
        "qty": "22.37000000",
        "quoteQty": "0.02119110",
        "time": 1629986502114,
        "isBuyerMaker": false,
        "isBestMatch": true
    },
    {
        "id": 7818493,
        "price": "0.00094740",
        "qty": "6.02000000",
        "quoteQty": "0.00570334",
        "time": 1629986502114,
        "isBuyerMaker": false,
        "isBestMatch": true
    },
    {
        "id": 7818494,
        "price": "0.00094770",
        "qty": "200.00000000",
        "quoteQty": "0.18954000",
        "time": 1629986502114,
        "isBuyerMaker": false,
        "isBestMatch": true
    },
    {
        "id": 7818495,
        "price": "0.00094770",
        "qty": "95.10000000",
        "quoteQty": "0.09012627",
        "time": 1629986502114,
        "isBuyerMaker": false,
        "isBestMatch": true
    },
    {
        "id": 7818496,
        "price": "0.00094860",
        "qty": "2.23000000",
        "quoteQty": "0.00211537",
        "time": 1629986502114,
        "isBuyerMaker": false,
        "isBestMatch": true
    },
    {
        "id": 7818497,
        "price": "0.00094870",
        "qty": "14.01000000",
        "quoteQty": "0.01329128",
        "time": 1629986502114,
        "isBuyerMaker": false,
        "isBestMatch": true
    },
    {
        "id": 7818498,
        "price": "0.00094880",
        "qty": "72.60000000",
        "quoteQty": "0.06888288",
        "time": 1629986502114,
        "isBuyerMaker": false,
        "isBestMatch": true
    },
    {
        "id": 7818499,
        "price": "0.00094900",
        "qty": "13.72000000",
        "quoteQty": "0.01302028",
        "time": 1629986502114,
        "isBuyerMaker": false,
        "isBestMatch": true
    },
    {
        "id": 7818500,
        "price": "0.00094920",
        "qty": "97.81000000",
        "quoteQty": "0.09284125",
        "time": 1629986502120,
        "isBuyerMaker": true,
        "isBestMatch": true
    },
    {
        "id": 7818501,
        "price": "0.00094920",
        "qty": "97.81000000",
        "quoteQty": "0.09284125",
        "time": 1629986502120,
        "isBuyerMaker": true,
        "isBestMatch": true
    },
    {
        "id": 7818502,
        "price": "0.00094920",
        "qty": "97.81000000",
        "quoteQty": "0.09284125",
        "time": 1629986502120,
        "isBuyerMaker": true,
        "isBestMatch": true
    },
    {
        "id": 7818503,
        "price": "0.00094920",
        "qty": "97.81000000",
        "quoteQty": "0.09284125",
        "time": 1629986502120,
        "isBuyerMaker": true,
        "isBestMatch": true
    },
    {
        "id": 7818504,
        "price": "0.00094920",
        "qty": "97.81000000",
        "quoteQty": "0.09284125",
        "time": 1629986502120,
        "isBuyerMaker": true,
        "isBestMatch": true
    },
    {
        "id": 7818505,
        "price": "0.00094920",
        "qty": "97.81000000",
        "quoteQty": "0.09284125",
        "time": 1629986502120,
        "isBuyerMaker": true,
        "isBestMatch": true
    },
    {
        "id": 7818506,
        "price": "0.00094920",
        "qty": "97.81000000",
        "quoteQty": "0.09284125",
        "time": 1629986502120,
        "isBuyerMaker": true,
        "isBestMatch": true
    },
    {
        "id": 7818507,
        "price": "0.00094920",
        "qty": "97.81000000",
        "quoteQty": "0.09284125",
        "time": 1629986502120,
        "isBuyerMaker": true,
        "isBestMatch": true
    },
    {
        "id": 7818508,
        "price": "0.00094920",
        "qty": "97.81000000",
        "quoteQty": "0.09284125",
        "time": 1629986502120,
        "isBuyerMaker": true,
        "isBestMatch": true
    },
    {
        "id": 7818509,
        "price": "0.00094920",
        "qty": "97.81000000",
        "quoteQty": "0.09284125",
        "time": 1629986502121,
        "isBuyerMaker": true,
        "isBestMatch": true
    },
    {
        "id": 7818510,
        "price": "0.00094920",
        "qty": "472.45000000",
        "quoteQty": "0.44844954",
        "time": 1629986502121,
        "isBuyerMaker": true,
        "isBestMatch": true
    },
    {
        "id": 7818511,
        "price": "0.00094920",
        "qty": "8.12000000",
        "quoteQty": "0.00770750",
        "time": 1629986502122,
        "isBuyerMaker": true,
        "isBestMatch": true
    },
    {
        "id": 7818512,
        "price": "0.00094920",
        "qty": "177.22000000",
        "quoteQty": "0.16821722",
        "time": 1629986502122,
        "isBuyerMaker": true,
        "isBestMatch": true
    },
    {
        "id": 7818513,
        "price": "0.00094920",
        "qty": "63.77000000",
        "quoteQty": "0.06053048",
        "time": 1629986502123,
        "isBuyerMaker": true,
        "isBestMatch": true
    },
    {
        "id": 7818514,
        "price": "0.00094920",
        "qty": "20.00000000",
        "quoteQty": "0.01898400",
        "time": 1629986502123,
        "isBuyerMaker": true,
        "isBestMatch": true
    },
    {
        "id": 7818515,
        "price": "0.00094920",
        "qty": "458.36000000",
        "quoteQty": "0.43507531",
        "time": 1629986502123,
        "isBuyerMaker": true,
        "isBestMatch": true
    },
    {
        "id": 7818516,
        "price": "0.00094490",
        "qty": "6.25000000",
        "quoteQty": "0.00590562",
        "time": 1629986502141,
        "isBuyerMaker": true,
        "isBestMatch": true
    },
    {
        "id": 7818517,
        "price": "0.00094660",
        "qty": "9.44000000",
        "quoteQty": "0.00893590",
        "time": 1629986502166,
        "isBuyerMaker": false,
        "isBestMatch": true
    },
    {
        "id": 7818518,
        "price": "0.00094510",
        "qty": "4.15000000",
        "quoteQty": "0.00392216",
        "time": 1629986502187,
        "isBuyerMaker": true,
        "isBestMatch": true
    },
    {
        "id": 7818519,
        "price": "0.00094700",
        "qty": "20.24000000",
        "quoteQty": "0.01916728",
        "time": 1629986502209,
        "isBuyerMaker": false,
        "isBestMatch": true
    },
    {
        "id": 7818520,
        "price": "0.00094700",
        "qty": "8.95000000",
        "quoteQty": "0.00847565",
        "time": 1629986502218,
        "isBuyerMaker": false,
        "isBestMatch": true
    },
    {
        "id": 7818521,
        "price": "0.00094700",
        "qty": "4.15000000",
        "quoteQty": "0.00393005",
        "time": 1629986502250,
        "isBuyerMaker": false,
        "isBestMatch": true
    },
    {
        "id": 7818522,
        "price": "0.00094710",
        "qty": "3.14000000",
        "quoteQty": "0.00297389",
        "time": 1629986502250,
        "isBuyerMaker": false,
        "isBestMatch": true
    },
    {
        "id": 7818523,
        "price": "0.00094710",
        "qty": "10.57000000",
        "quoteQty": "0.01001084",
        "time": 1629986502252,
        "isBuyerMaker": false,
        "isBestMatch": true
    },
    {
        "id": 7818524,
        "price": "0.00094710",
        "qty": "41.04000000",
        "quoteQty": "0.03886898",
        "time": 1629986502253,
        "isBuyerMaker": false,
        "isBestMatch": true
    },
    {
        "id": 7818525,
        "price": "0.00094710",
        "qty": "9.87000000",
        "quoteQty": "0.00934787",
        "time": 1629986502258,
        "isBuyerMaker": false,
        "isBestMatch": true
    },
    {
        "id": 7818526,
        "price": "0.00094710",
        "qty": "9.43000000",
        "quoteQty": "0.00893115",
        "time": 1629986502265,
        "isBuyerMaker": false,
        "isBestMatch": true
    },
    {
        "id": 7818527,
        "price": "0.00094710",
        "qty": "1.39000000",
        "quoteQty": "0.00131646",
        "time": 1629986502276,
        "isBuyerMaker": false,
        "isBestMatch": true
    },
    {
        "id": 7818528,
        "price": "0.00094710",
        "qty": "6.86000000",
        "quoteQty": "0.00649710",
        "time": 1629986502293,
        "isBuyerMaker": false,
        "isBestMatch": true
    },
    {
        "id": 7818529,
        "price": "0.00094710",
        "qty": "14.07000000",
        "quoteQty": "0.01332569",
        "time": 1629986502293,
        "isBuyerMaker": false,
        "isBestMatch": true
    },
    {
        "id": 7818530,
        "price": "0.00094710",
        "qty": "10.74000000",
        "quoteQty": "0.01017185",
        "time": 1629986502305,
        "isBuyerMaker": false,
        "isBestMatch": true
    },
    {
        "id": 7818531,
        "price": "0.00094710",
        "qty": "7.06000000",
        "quoteQty": "0.00668652",
        "time": 1629986502319,
        "isBuyerMaker": false,
        "isBestMatch": true
    },
    {
        "id": 7818532,
        "price": "0.00094710",
        "qty": "44.35000000",
        "quoteQty": "0.04200388",
        "time": 1629986503134,
        "isBuyerMaker": false,
        "isBestMatch": true
    },
    {
        "id": 7818533,
        "price": "0.00094660",
        "qty": "0.11000000",
        "quoteQty": "0.00010412",
        "time": 1629986508756,
        "isBuyerMaker": false,
        "isBestMatch": true
    },
    {
        "id": 7818534,
        "price": "0.00094550",
        "qty": "0.11000000",
        "quoteQty": "0.00010400",
        "time": 1629986510038,
        "isBuyerMaker": true,
        "isBestMatch": true
    },
    {
        "id": 7818535,
        "price": "0.00094520",
        "qty": "24.00000000",
        "quoteQty": "0.02268480",
        "time": 1629986514838,
        "isBuyerMaker": false,
        "isBestMatch": true
    },
    {
        "id": 7818536,
        "price": "0.00094650",
        "qty": "9.00000000",
        "quoteQty": "0.00851850",
        "time": 1629986519068,
        "isBuyerMaker": false,
        "isBestMatch": true
    },
    {
        "id": 7818537,
        "price": "0.00094660",
        "qty": "11.54000000",
        "quoteQty": "0.01092376",
        "time": 1629986519068,
        "isBuyerMaker": false,
        "isBestMatch": true
    },
    {
        "id": 7818538,
        "price": "0.00094690",
        "qty": "8.41000000",
        "quoteQty": "0.00796342",
        "time": 1629986519068,
