[
    {
        "id": 72466136,
        "price": "76.00000000",
        "qty": "0.78000000",
        "quoteQty": "59.28000000",
        "time": 1629987080096,
        "isBuyerMaker": false,
        "isBestMatch": true
    },
    {
        "id": 72466137,
        "price": "76.00000000",
        "qty": "10.40200000",
        "quoteQty": "790.55200000",
        "time": 1629987080096,
        "isBuyerMaker": false,
        "isBestMatch": true
    },
    {
        "id": 72466138,
        "price": "75.98000000",
        "qty": "1.00000000",
        "quoteQty": "75.98000000",
        "time": 1629987080116,
        "isBuyerMaker": true,
        "isBestMatch": true
    },
    {
        "id": 72466139,
        "price": "76.00000000",
        "qty": "30.34800000",
        "quoteQty": "2306.44800000",
        "time": 1629987080118,
        "isBuyerMaker": false,
        "isBestMatch": true
    },
    {
        "id": 72466140,
        "price": "76.00000000",
        "qty": "49.85000000",
        "quoteQty": "3788.60000000",
        "time": 1629987080118,
        "isBuyerMaker": false,
        "isBestMatch": true
    },
    {
        "id": 72466141,
        "price": "76.00000000",
        "qty": "6.36000000",
        "quoteQty": "483.36000000",
        "time": 1629987080118,
        "isBuyerMaker": false,
        "isBestMatch": true
    },
    {
        "id": 72466142,
        "price": "76.00000000",
        "qty": "2.50000000",
        "quoteQty": "190.00000000",
        "time": 1629987080118,
        "isBuyerMaker": false,
        "isBestMatch": true
    },
    {
        "id": 72466143,
        "price": "76.00000000",
        "qty": "0.48000000",
        "quoteQty": "36.48000000",
        "time": 1629987080118,
        "isBuyerMaker": false,
        "isBestMatch": true
    },
    {
        "id": 72466144,
        "price": "76.00000000",
        "qty": "10.00000000",
        "quoteQty": "760.00000000",
        "time": 1629987080118,
        "isBuyerMaker": false,
        "isBestMatch": true
    },
    {
        "id": 72466145,
        "price": "76.00000000",
        "qty": "0.45000000",
        "quoteQty": "34.20000000",
        "time": 1629987080118,
        "isBuyerMaker": false,
        "isBestMatch": true
    },
    {
        "id": 72466146,
        "price": "76.00000000",
        "qty": "0.30000000",
        "quoteQty": "22.80000000",
        "time": 1629987080118,
        "isBuyerMaker": false,
        "isBestMatch": true
    },
    {
        "id": 72466147,
        "price": "76.00000000",
        "qty": "0.27000000",
        "quoteQty": "20.52000000",
        "time": 1629987080118,
        "isBuyerMaker": false,
        "isBestMatch": true
    },
    {
        "id": 72466148,
        "price": "76.00000000",
        "qty": "2.16000000",
        "quoteQty": "164.16000000",
        "time": 1629987080118,
        "isBuyerMaker": false,
        "isBestMatch": true
    },
    {
        "id": 72466149,
        "price": "76.00000000",
        "qty": "78.41000000",
        "quoteQty": "5959.16000000",
        "time": 1629987080118,
        "isBuyerMaker": false,
        "isBestMatch": true
    },
    {
        "id": 72466150,
        "price": "76.00000000",
        "qty": "61.23000000",
        "quoteQty": "4653.48000000",
        "time": 1629987080118,
        "isBuyerMaker": false,
        "isBestMatch": true
    },
    {
        "id": 72466151,
        "price": "76.00000000",
        "qty": "2.86000000",
        "quoteQty": "217.36000000",
        "time": 1629987080118,
        "isBuyerMaker": false,
        "isBestMatch": true
    },
    {
        "id": 72466152,
        "price": "76.00000000",
        "qty": "1.88000000",
        "quoteQty": "142.88000000",
        "time": 1629987080118,
        "isBuyerMaker": false,
        "isBestMatch": true
    },
    {
        "id": 72466153,
        "price": "76.00000000",
        "qty": "10.00000000",
        "quoteQty": "760.00000000",
        "time": 1629987080118,
        "isBuyerMaker": false,
        "isBestMatch": true
    },
    {
        "id": 72466154,
        "price": "76.00000000",
        "qty": "41.74000000",
        "quoteQty": "3172.24000000",
        "time": 1629987080118,
        "isBuyerMaker": false,
        "isBestMatch": true
    },
    {
        "id": 72466155,
        "price": "76.00000000",
        "qty": "44.86000000",
        "quoteQty": "3409.36000000",
        "time": 1629987080118,
        "isBuyerMaker": false,
        "isBestMatch": true
    },
    {
        "id": 72466156,
        "price": "76.00000000",
        "qty": "39.57200000",
        "quoteQty": "3007.47200000",
        "time": 1629987080118,
        "isBuyerMaker": false,
        "isBestMatch": true
    },
    {
        "id": 72466157,
        "price": "75.99000000",
        "qty": "7.89000000",
        "quoteQty": "599.56110000",
        "time": 1629987080134,
        "isBuyerMaker": true,
        "isBestMatch": true
    },
    {
        "id": 72466158,
        "price": "76.00000000",
        "qty": "26.20800000",
        "quoteQty": "1991.80800000",
        "time": 1629987080142,
        "isBuyerMaker": false,
        "isBestMatch": true
    },
    {
        "id": 72466159,
        "price": "76.00000000",
        "qty": "23.87200000",
        "quoteQty": "1814.27200000",
        "time": 1629987080142,
        "isBuyerMaker": false,
        "isBestMatch": true
    },
    {
        "id": 72466160,
        "price": "76.00000000",
        "qty": "9.44800000",
        "quoteQty": "718.04800000",
        "time": 1629987080144,
        "isBuyerMaker": false,
        "isBestMatch": true
    },
    {
        "id": 72466161,
        "price": "76.00000000",
        "qty": "0.43000000",
        "quoteQty": "32.68000000",
        "time": 1629987080144,
        "isBuyerMaker": false,
        "isBestMatch": true
    },
    {
        "id": 72466162,
        "price": "76.00000000",
        "qty": "5.12200000",
        "quoteQty": "389.27200000",
        "time": 1629987080144,
        "isBuyerMaker": false,
        "isBestMatch": true
    },
    {
        "id": 72466163,
        "price": "76.00000000",
        "qty": "8.00000000",
        "quoteQty": "608.00000000",
        "time": 1629987080163,
        "isBuyerMaker": false,
        "isBestMatch": true
    },
    {
        "id": 72466164,
        "price": "75.99000000",
        "qty": "1.00000000",
        "quoteQty": "75.99000000",
        "time": 1629987080288,
        "isBuyerMaker": true,
        "isBestMatch": true
    },
    {
        "id": 72466165,
        "price": "76.00000000",
        "qty": "0.23000000",
        "quoteQty": "17.48000000",
        "time": 1629987080345,
        "isBuyerMaker": false,
        "isBestMatch": true
    },
    {
        "id": 72466166,
        "price": "76.00000000",
        "qty": "1.68000000",
        "quoteQty": "127.68000000",
        "time": 1629987080552,
        "isBuyerMaker": false,
        "isBestMatch": true
    },
    {
        "id": 72466167,
        "price": "76.00000000",
        "qty": "0.15000000",
        "quoteQty": "11.40000000",
        "time": 1629987080676,
        "isBuyerMaker": false,
        "isBestMatch": true
    },
    {
        "id": 72466168,
        "price": "76.00000000",
        "qty": "1.32000000",
        "quoteQty": "100.32000000",
        "time": 1629987080678,
        "isBuyerMaker": false,
        "isBestMatch": true
    },
    {
        "id": 72466169,
        "price": "76.00000000",
        "qty": "1.00000000",
        "quoteQty": "76.00000000",
        "time": 1629987080808,
        "isBuyerMaker": false,
        "isBestMatch": true
    },
    {
        "id": 72466170,
        "price": "76.00000000",
        "qty": "23.54800000",
        "quoteQty": "1789.64800000",
        "time": 1629987080825,
        "isBuyerMaker": false,
        "isBestMatch": true
    },
    {
        "id": 72466171,
        "price": "76.00000000",
        "qty": "0.17000000",
        "quoteQty": "12.92000000",
        "time": 1629987080825,
        "isBuyerMaker": false,
        "isBestMatch": true
    },
    {
        "id": 72466172,
        "price": "76.00000000",
        "qty": "0.42200000",
        "quoteQty": "32.07200000",
        "time": 1629987080825,
        "isBuyerMaker": false,
        "isBestMatch": true
    },
    {
        "id": 72466173,
        "price": "76.00000000",
        "qty": "0.64000000",
        "quoteQty": "48.64000000",
        "time": 1629987080863,
        "isBuyerMaker": false,
        "isBestMatch": true
    },
    {
        "id": 72466174,
        "price": "76.00000000",
        "qty": "19.99000000",
        "quoteQty": "1519.24000000",
        "time": 1629987080866,
        "isBuyerMaker": false,
        "isBestMatch": true
    },
    {
        "id": 72466175,
        "price": "75.99000000",
        "qty": "4.29000000",
        "quoteQty": "325.99710000",
        "time": 1629987080925,
        "isBuyerMaker": true,
        "isBestMatch": true
    },
    {
        "id": 72466176,
        "price": "75.99000000",
        "qty": "0.44000000",
        "quoteQty": "33.43560000",
        "time": 1629987080925,
        "isBuyerMaker": true,
        "isBestMatch": true
    },
    {
        "id": 72466177,
        "price": "75.99000000",
        "qty": "0.55000000",
        "quoteQty": "41.79450000",
        "time": 1629987080925,
        "isBuyerMaker": true,
        "isBestMatch": true
    },
    {
        "id": 72466178,
        "price": "75.98000000",
        "qty": "5.28000000",
        "quoteQty": "401.17440000",
        "time": 1629987080928,
        "isBuyerMaker": true,
        "isBestMatch": true
    },
    {
        "id": 72466179,
        "price": "75.98000000",
        "qty": "6.00000000",
        "quoteQty": "455.88000000",
        "time": 1629987080932,
        "isBuyerMaker": true,
        "isBestMatch": true
    },
    {
        "id": 72466180,
        "price": "75.98000000",
        "qty": "13.18000000",
        "quoteQty": "1001.41640000",
        "time": 1629987080933,
        "isBuyerMaker": true,
        "isBestMatch": true
    },
    {
        "id": 72466181,
        "price": "75.98000000",
        "qty": "5.43000000",
        "quoteQty": "412.57140000",
        "time": 1629987080933,
        "isBuyerMaker": true,
        "isBestMatch": true
    },
    {
        "id": 72466182,
        "price": "75.97000000",
        "qty": "6.54000000",
        "quoteQty": "496.84380000",
        "time": 1629987080933,
        "isBuyerMaker": true,
        "isBestMatch": true
    },
    {
        "id": 72466183,
        "price": "75.97000000",
        "qty": "2.46000000",
        "quoteQty": "186.88620000",
        "time": 1629987080933,
        "isBuyerMaker": true,
        "isBestMatch": true
    },
    {
        "id": 72466184,
        "price": "75.97000000",
        "qty": "1.65000000",
        "quoteQty": "125.35050000",
        "time": 1629987080938,
        "isBuyerMaker": true,
        "isBestMatch": true
    },
    {
        "id": 72466185,
        "price": "75.96000000",
        "qty": "8.35000000",
        "quoteQty": "634.26600000",
        "time": 1629987080938,
        "isBuyerMaker": true,
        "isBestMatch": true
    },
    {
        "id": 72466186,
        "price": "75.98000000",
        "qty": "5.40000000",
        "quoteQty": "410.29200000",
        "time": 1629987080943,
        "isBuyerMaker": true,
        "isBestMatch": true
    },
    {
        "id": 72466187,
        "price": "75.98000000",
        "qty": "7.29000000",
        "quoteQty": "553.89420000",
        "time": 1629987080946,
        "isBuyerMaker": true,
        "isBestMatch": true
    },
    {
        "id": 72466188,
        "price": "75.98000000",
        "qty": "12.23000000",
        "quoteQty": "929.23540000",
        "time": 1629987080946,
        "isBuyerMaker": true,
        "isBestMatch": true
    },
    {
        "id": 72466189,
        "price": "75.96000000",
        "qty": "13.98000000",
        "quoteQty": "1061.92080000",
        "time": 1629987080946,
        "isBuyerMaker": true,
        "isBestMatch": true
    },
    {
        "id": 72466190,
        "price": "75.98000000",
        "qty": "6.12000000",
        "quoteQty": "464.99760000",
        "time": 1629987080955,
        "isBuyerMaker": true,
        "isBestMatch": true
    },
    {
        "id": 72466191,
        "price": "75.96000000",
        "qty": "8.88000000",
        "quoteQty": "674.52480000",
        "time": 1629987080955,
        "isBuyerMaker": true,
        "isBestMatch": true
    },
    {
        "id": 72466192,
        "price": "75.98000000",
        "qty": "3.06000000",
        "quoteQty": "232.49880000",
        "time": 1629987080967,
        "isBuyerMaker": true,
        "isBestMatch": true
    },
    {
        "id": 72466193,
        "price": "75.98000000",
        "qty": "1.53000000",
        "quoteQty": "116.24940000",
        "time": 1629987080986,
        "isBuyerMaker": true,
        "isBestMatch": true
    },
    {
        "id": 72466194,
        "price": "75.95000000",
        "qty": "10.00000000",
        "quoteQty": "759.50000000",
        "time": 1629987080993,
        "isBuyerMaker": true,
        "isBestMatch": true
    },
    {
        "id": 72466195,
        "price": "75.95000000",
        "qty": "9.69000000",
        "quoteQty": "735.95550000",
        "time": 1629987081000,
        "isBuyerMaker": true,
        "isBestMatch": true
    },
    {
        "id": 72466196,
        "price": "75.96000000",
        "qty": "12.00000000",
        "quoteQty": "911.52000000",
        "time": 1629987081025,
        "isBuyerMaker": true,
        "isBestMatch": true
    },
    {
        "id": 72466197,
        "price": "75.94000000",
        "qty": "1.73000000",
        "quoteQty": "131.37620000",
        "time": 1629987081025,
        "isBuyerMaker": true,
        "isBestMatch": true
    },
    {
        "id": 72466198,
        "price": "75.99000000",
        "qty": "8.83000000",
        "quoteQty": "670.99170000",
        "time": 1629987081031,
        "isBuyerMaker": false,
        "isBestMatch": true
    },
    {
        "id": 72466199,
        "price": "75.99000000",
        "qty": "19.17000000",
        "quoteQty": "1456.72830000",
        "time": 1629987081254,
        "isBuyerMaker": false,
        "isBestMatch": true
    },
    {
        "id": 72466200,
        "price": "76.00000000",
        "qty": "78.94800000",
        "quoteQty": "6000.04800000",
        "time": 1629987081254,
        "isBuyerMaker": false,
        "isBestMatch": true
    },
    {
        "id": 72466201,
        "price": "76.00000000",
        "qty": "0.32000000",
        "quoteQty": "24.32000000",
        "time": 1629987081254,
        "isBuyerMaker": false,
        "isBestMatch": true
    },
    {
        "id": 72466202,
        "price": "76.00000000",
        "qty": "0.36000000",
        "quoteQty": "27.36000000",
        "time": 1629987081254,
        "isBuyerMaker": false,
        "isBestMatch": true
    },
    {
        "id": 72466203,
        "price": "76.00000000",
        "qty": "9.90000000",
        "quoteQty": "752.40000000",
        "time": 1629987081254,
        "isBuyerMaker": false,
        "isBestMatch": true
    },
    {
        "id": 72466204,
        "price": "76.00000000",
        "qty": "51.30200000",
        "quoteQty": "3898.95200000",
        "time": 1629987081254,
        "isBuyerMaker": false,
        "isBestMatch": true
    },
    {
        "id": 72466205,
        "price": "76.00000000",
        "qty": "1.82800000",
        "quoteQty": "138.92800000",
        "time": 1629987081258,
        "isBuyerMaker": false,
        "isBestMatch": true
    },
    {
        "id": 72466206,
        "price": "76.00000000",
        "qty": "14.29000000",
        "quoteQty": "1086.04000000",
        "time": 1629987081258,
        "isBuyerMaker": false,
        "isBestMatch": true
    },
    {
        "id": 72466207,
        "price": "76.00000000",
        "qty": "5.26000000",
        "quoteQty": "399.76000000",
        "time": 1629987081258,
        "isBuyerMaker": false,
        "isBestMatch": true
    },
    {
        "id": 72466208,
        "price": "76.00000000",
        "qty": "27.00000000",
        "quoteQty": "2052.00000000",
        "time": 1629987081258,
        "isBuyerMaker": false,
        "isBestMatch": true
    },
    {
        "id": 72466209,
        "price": "76.00000000",
        "qty": "1.00000000",
        "quoteQty": "76.00000000",
        "time": 1629987081258,
        "isBuyerMaker": false,
        "isBestMatch": true
    },
    {
        "id": 72466210,
        "price": "76.00000000",
        "qty": "86.62200000",
        "quoteQty": "6583.27200000",
        "time": 1629987081258,
        "isBuyerMaker": false,
        "isBestMatch": true
    },
    {
        "id": 72466211,
        "price": "76.00000000",
        "qty": "0.56000000",
        "quoteQty": "42.56000000",
        "time": 1629987081264,
        "isBuyerMaker": false,
        "isBestMatch": true
    },
    {
        "id": 72466212,
        "price": "75.99000000",
        "qty": "19.17000000",
        "quoteQty": "1456.72830000",
        "time": 1629987081268,
        "isBuyerMaker": false,
        "isBestMatch": true
    },
    {
        "id": 72466213,
        "price": "76.00000000",
        "qty": "9.90000000",
        "quoteQty": "752.40000000",
        "time": 1629987081283,
        "isBuyerMaker": false,
        "isBestMatch": true
    },
    {
        "id": 72466214,
        "price": "76.00000000",
        "qty": "27.21000000",
        "quoteQty": "2067.96000000",
        "time": 1629987081288,
        "isBuyerMaker": false,
        "isBestMatch": true
    },
    {
        "id": 72466215,
        "price": "76.00000000",
        "qty": "1.14000000",
        "quoteQty": "86.64000000",
        "time": 1629987081527,
        "isBuyerMaker": false,
        "isBestMatch": true
    },
    {
        "id": 72466216,
        "price": "75.97000000",
        "qty": "0.38000000",
        "quoteQty": "28.86860000",
        "time": 1629987081706,
        "isBuyerMaker": true,
        "isBestMatch": true
    },
    {
        "id": 72466217,
        "price": "76.00000000",
        "qty": "0.17000000",
        "quoteQty": "12.92000000",
        "time": 1629987081743,
        "isBuyerMaker": false,
        "isBestMatch": true
    },
    {
        "id": 72466218,
        "price": "76.00000000",
        "qty": "0.15000000",
        "quoteQty": "11.40000000",
        "time": 1629987081874,
        "isBuyerMaker": false,
        "isBestMatch": true
    },
    {
        "id": 72466219,
        "price": "76.00000000",
        "qty": "19.99000000",
        "quoteQty": "1519.24000000",
        "time": 1629987081927,
        "isBuyerMaker": false,
        "isBestMatch": true
    },
    {
        "id": 72466220,
        "price": "76.00000000",
        "qty": "1.29000000",
        "quoteQty": "98.04000000",
        "time": 1629987081974,
        "isBuyerMaker": false,
        "isBestMatch": true
    },
    {
        "id": 72466221,
        "price": "76.00000000",
        "qty": "13.15000000",
        "quoteQty": "999.40000000",
        "time": 1629987081977,
        "isBuyerMaker": false,
        "isBestMatch": true
    },
    {
        "id": 72466222,
        "price": "76.00000000",
        "qty": "6.81000000",
        "quoteQty": "517.56000000",
        "time": 1629987081981,
        "isBuyerMaker": false,
        "isBestMatch": true
    },
    {
        "id": 72466223,
        "price": "76.00000000",
        "qty": "0.97000000",
        "quoteQty": "73.72000000",
        "time": 1629987082097,
        "isBuyerMaker": false,
        "isBestMatch": true
    },
    {
        "id": 72466224,
        "price": "76.00000000",
        "qty": "20.00000000",
        "quoteQty": "1520.00000000",
        "time": 1629987082099,
        "isBuyerMaker": false,
        "isBestMatch": true
    },
    {
        "id": 72466225,
        "price": "76.00000000",
        "qty": "0.20000000",
        "quoteQty": "15.20000000",
        "time": 1629987082100,
        "isBuyerMaker": false,
        "isBestMatch": true
    },
    {
        "id": 72466226,
        "price": "75.98000000",
        "qty": "2.17000000",
        "quoteQty": "164.87660000",
        "time": 1629987082136,
        "isBuyerMaker": true,
        "isBestMatch": true
    },
    {
        "id": 72466227,
        "price": "75.98000000",
        "qty": "4.66000000",
        "quoteQty": "354.06680000",
        "time": 1629987082215,
        "isBuyerMaker": true,
        "isBestMatch": true
    },
    {
        "id": 72466228,
        "price": "75.98000000",
        "qty": "2.00000000",
        "quoteQty": "151.96000000",
        "time": 1629987082233,
        "isBuyerMaker": true,
        "isBestMatch": true
    },
    {
        "id": 72466229,
        "price": "76.00000000",
        "qty": "5.00000000",
        "quoteQty": "380.00000000",
        "time": 1629987082238,
        "isBuyerMaker": false,
        "isBestMatch": true
    },
    {
        "id": 72466230,
        "price": "76.00000000",
        "qty": "70.00000000",
        "quoteQty": "5320.00000000",
        "time": 1629987082239,
        "isBuyerMaker": false,
        "isBestMatch": true
    },
    {
        "id": 72466231,
        "price": "76.00000000",
        "qty": "115.00000000",
        "quoteQty": "8740.00000000",
        "time": 1629987082240,
        "isBuyerMaker": false,
        "isBestMatch": true
    },
    {
        "id": 72466232,
        "price": "76.00000000",
        "qty": "25.00000000",
        "quoteQty": "1900.00000000",
        "time": 1629987082240,
        "isBuyerMaker": false,
        "isBestMatch": true
    },
    {
        "id": 72466233,
        "price": "76.00000000",
        "qty": "27.42800000",
        "quoteQty": "2084.52800000",
        "time": 1629987082242,
        "isBuyerMaker": false,
        "isBestMatch": true
    },
    {
        "id": 72466234,
        "price": "76.00000000",
        "qty": "0.14000000",
        "quoteQty": "10.64000000",
        "time": 1629987082242,
        "isBuyerMaker": false,
        "isBestMatch": true
    },
    {
        "id": 72466235,
        "price": "76.00000000",
        "qty": "1.33000000",
        "quoteQty": "101.08000000",
        "time": 1629987082242,
        "isBuyerMaker": false,
        "isBestMatch": true
    },
    {
        "id": 72466236,
        "price": "76.00000000",
        "qty": "5.00000000",
        "quoteQty": "380.00000000",
        "time": 1629987082242,
        "isBuyerMaker": false,
        "isBestMatch": true
    },
    {
        "id": 72466237,
        "price": "76.00000000",
        "qty": "60.67000000",
        "quoteQty": "4610.92000000",
        "time": 1629987082242,
        "isBuyerMaker": false,
        "isBestMatch": true
    },
    {
        "id": 72466238,
        "price": "76.00000000",
        "qty": "1.00000000",
        "quoteQty": "76.00000000",
        "time": 1629987082242,
        "isBuyerMaker": false,
        "isBestMatch": true
    },
    {
        "id": 72466239,
        "price": "76.00000000",
        "qty": "10.55000000",
        "quoteQty": "801.80000000",
        "time": 1629987082242,
        "isBuyerMaker": false,
        "isBestMatch": true
    },
    {
        "id": 72466240,
        "price": "76.00000000",
        "qty": "6.55000000",
        "quoteQty": "497.80000000",
        "time": 1629987082242,
        "isBuyerMaker": false,
        "isBestMatch": true
    },
    {
        "id": 72466241,
        "price": "76.00000000",
        "qty": "1.31000000",
        "quoteQty": "99.56000000",
        "time": 1629987082242,
        "isBuyerMaker": false,
        "isBestMatch": true
    },
    {
        "id": 72466242,
        "price": "76.00000000",
        "qty": "1.11000000",
        "quoteQty": "84.36000000",
        "time": 1629987082242,
        "isBuyerMaker": false,
        "isBestMatch": true
    },
    {
        "id": 72466243,
        "price": "76.00000000",
        "qty": "7.48000000",
        "quoteQty": "568.48000000",
        "time": 1629987082242,
        "isBuyerMaker": false,
        "isBestMatch": true
    },
    {
        "id": 72466244,
        "price": "76.00000000",
        "qty": "42.00000000",
        "quoteQty": "3192.00000000",
        "time": 1629987082242,
        "isBuyerMaker": false,
        "isBestMatch": true
    },
    {
        "id": 72466245,
        "price": "76.00000000",
        "qty": "0.43200000",
        "quoteQty": "32.83200000",
        "time": 1629987082242,
        "isBuyerMaker": false,
        "isBestMatch": true
    },
    {
        "id": 72466246,
        "price": "76.00000000",
        "qty": "4.42800000",
        "quoteQty": "336.52800000",
        "time": 1629987082244,
        "isBuyerMaker": false,
        "isBestMatch": true
    },
    {
        "id": 72466247,
        "price": "76.00000000",
        "qty": "1.00000000",
        "quoteQty": "76.00000000",
        "time": 1629987082244,
        "isBuyerMaker": false,
        "isBestMatch": true
    },
    {
        "id": 72466248,
        "price": "76.00000000",
        "qty": "9.57200000",
        "quoteQty": "727.47200000",
        "time": 1629987082244,
        "isBuyerMaker": false,
        "isBestMatch": true
    },
    {
        "id": 72466249,
        "price": "76.00000000",
        "qty": "90.42800000",
        "quoteQty": "6872.52800000",
        "time": 1629987082247,
        "isBuyerMaker": false,
        "isBestMatch": true
    },
    {
        "id": 72466250,
        "price": "76.00000000",
        "qty": "4.71000000",
        "quoteQty": "357.96000000",
        "time": 1629987082247,
        "isBuyerMaker": false,
        "isBestMatch": true
    },
    {
        "id": 72466251,
        "price": "76.00000000",
        "qty": "0.22000000",
        "quoteQty": "16.72000000",
        "time": 1629987082247,
        "isBuyerMaker": false,
        "isBestMatch": true
    },
    {
        "id": 72466252,
        "price": "76.00000000",
        "qty": "1.97000000",
        "quoteQty": "149.72000000",
        "time": 1629987082247,
        "isBuyerMaker": false,
        "isBestMatch": true
    },
    {
        "id": 72466253,
        "price": "76.00000000",
        "qty": "7.09000000",
        "quoteQty": "538.84000000",
        "time": 1629987082247,
        "isBuyerMaker": false,
        "isBestMatch": true
    },
    {
        "id": 72466254,
        "price": "76.00000000",
        "qty": "6.84000000",
        "quoteQty": "519.84000000",
        "time": 1629987082247,
        "isBuyerMaker": false,
        "isBestMatch": true
    },
    {
        "id": 72466255,
        "price": "76.00000000",
        "qty": "1.37000000",
        "quoteQty": "104.12000000",
        "time": 1629987082247,
        "isBuyerMaker": false,
        "isBestMatch": true
    },
    {
        "id": 72466256,
        "price": "76.00000000",
        "qty": "2.68000000",
        "quoteQty": "203.68000000",
        "time": 1629987082247,
        "isBuyerMaker": false,
        "isBestMatch": true
    },
    {
        "id": 72466257,
        "price": "76.00000000",
        "qty": "1.05100000",
        "quoteQty": "79.87600000",
        "time": 1629987082247,
        "isBuyerMaker": false,
        "isBestMatch": true
    },
    {
        "id": 72466258,
        "price": "76.00000000",
        "qty": "0.29000000",
        "quoteQty": "22.04000000",
        "time": 1629987082247,
        "isBuyerMaker": false,
        "isBestMatch": true
    },
    {
        "id": 72466259,
        "price": "76.00000000",
        "qty": "1.36000000",
        "quoteQty": "103.36000000",
        "time": 1629987082247,
        "isBuyerMaker": false,
        "isBestMatch": true
    },
    {
        "id": 72466260,
        "price": "76.00000000",
        "qty": "0.42000000",
        "quoteQty": "31.92000000",
        "time": 1629987082247,
        "isBuyerMaker": false,
        "isBestMatch": true
    },
    {
        "id": 72466261,
        "price": "76.00000000",
        "qty": "0.14000000",
        "quoteQty": "10.64000000",
        "time": 1629987082247,
        "isBuyerMaker": false,
        "isBestMatch": true
    },
    {
        "id": 72466262,
        "price": "76.00000000",
        "qty": "0.31000000",
        "quoteQty": "23.56000000",
        "time": 1629987082247,
        "isBuyerMaker": false,
        "isBestMatch": true
    },
    {
        "id": 72466263,
        "price": "76.00000000",
        "qty": "0.50000000",
        "quoteQty": "38.00000000",
        "time": 1629987082247,
        "isBuyerMaker": false,
        "isBestMatch": true
    },
    {
        "id": 72466264,
        "price": "76.00000000",
        "qty": "6.78000000",
        "quoteQty": "515.28000000",
        "time": 1629987082247,
        "isBuyerMaker": false,
        "isBestMatch": true
    },
    {
        "id": 72466265,
        "price": "76.00000000",
        "qty": "8.71000000",
        "quoteQty": "661.96000000",
        "time": 1629987082247,
        "isBuyerMaker": false,
        "isBestMatch": true
    },
    {
        "id": 72466266,
        "price": "76.00000000",
        "qty": "0.70000000",
        "quoteQty": "53.20000000",
        "time": 1629987082247,
        "isBuyerMaker": false,
        "isBestMatch": true
    },
    {
        "id": 72466267,
        "price": "76.00000000",
        "qty": "2.08000000",
        "quoteQty": "158.08000000",
        "time": 1629987082247,
        "isBuyerMaker": false,
        "isBestMatch": true
    },
    {
        "id": 72466268,
        "price": "76.00000000",
        "qty": "2.09000000",
        "quoteQty": "158.84000000",
        "time": 1629987082247,
        "isBuyerMaker": false,
        "isBestMatch": true
    },
    {
        "id": 72466269,
        "price": "76.00000000",
        "qty": "11.16100000",
        "quoteQty": "848.23600000",
        "time": 1629987082247,
        "isBuyerMaker": false,
        "isBestMatch": true
    },
    {
        "id": 72466270,
        "price": "76.00000000",
        "qty": "25.00000000",
        "quoteQty": "1900.00000000",
        "time": 1629987082253,
        "isBuyerMaker": false,
        "isBestMatch": true
    },
    {
        "id": 72466271,
        "price": "76.00000000",
        "qty": "5.32900000",
        "quoteQty": "405.00400000",
        "time": 1629987082253,
        "isBuyerMaker": false,
        "isBestMatch": true
    },
    {
        "id": 72466272,
        "price": "76.00000000",
        "qty": "6.17100000",
        "quoteQty": "468.99600000",
        "time": 1629987082253,
        "isBuyerMaker": false,
        "isBestMatch": true
    },
    {
        "id": 72466273,
        "price": "76.00000000",
        "qty": "9.23900000",
        "quoteQty": "702.16400000",
        "time": 1629987082253,
        "isBuyerMaker": false,
        "isBestMatch": true
    },
    {
        "id": 72466274,
        "price": "76.00000000",
        "qty": "1.00000000",
        "quoteQty": "76.00000000",
        "time": 1629987082253,
        "isBuyerMaker": false,
        "isBestMatch": true
    },
    {
        "id": 72466275,
        "price": "76.00000000",
        "qty": "4.56000000",
        "quoteQty": "346.56000000",
        "time": 1629987082253,
        "isBuyerMaker": false,
        "isBestMatch": true
    },
    {
        "id": 72466276,
        "price": "76.00000000",
        "qty": "150.20100000",
        "quoteQty": "11415.27600000",
        "time": 1629987082253,
        "isBuyerMaker": false,
        "isBestMatch": true
    },
    {
        "id": 72466277,
        "price": "76.00000000",
        "qty": "29.79900000",
        "quoteQty": "2264.72400000",
        "time": 1629987082254,
        "isBuyerMaker": false,
        "isBestMatch": true
    },
    {
        "id": 72466278,
        "price": "76.00000000",
        "qty": "1.35000000",
        "quoteQty": "102.60000000",
        "time": 1629987082254,
        "isBuyerMaker": false,
        "isBestMatch": true
    },
    {
        "id": 72466279,
        "price": "76.00000000",
        "qty": "18.85100000",
        "quoteQty": "1432.67600000",
        "time": 1629987082254,
        "isBuyerMaker": false,
        "isBestMatch": true
    },
    {
        "id": 72466280,
        "price": "76.00000000",
        "qty": "178.05900000",
        "quoteQty": "13532.48400000",
        "time": 1629987082257,
        "isBuyerMaker": false,
        "isBestMatch": true
    },
    {
        "id": 72466281,
        "price": "76.00000000",
        "qty": "0.15000000",
        "quoteQty": "11.40000000",
        "time": 1629987082257,
        "isBuyerMaker": false,
        "isBestMatch": true
    },
    {
        "id": 72466282,
        "price": "76.00000000",
        "qty": "8.33100000",
        "quoteQty": "633.15600000",
        "time": 1629987082257,
        "isBuyerMaker": false,
        "isBestMatch": true
    },
    {
        "id": 72466283,
        "price": "76.00000000",
        "qty": "25.00000000",
        "quoteQty": "1900.00000000",
        "time": 1629987082257,
        "isBuyerMaker": false,
        "isBestMatch": true
    },
    {
        "id": 72466284,
        "price": "76.00000000",
        "qty": "150.90000000",
        "quoteQty": "11468.40000000",
        "time": 1629987082257,
        "isBuyerMaker": false,
        "isBestMatch": true
    },
    {
        "id": 72466285,
        "price": "76.00000000",
        "qty": "25.00000000",
        "quoteQty": "1900.00000000",
        "time": 1629987082258,
        "isBuyerMaker": false,
        "isBestMatch": true
    },
    {
        "id": 72466286,
        "price": "76.00000000",
        "qty": "0.67900000",
        "quoteQty": "51.60400000",
        "time": 1629987082261,
        "isBuyerMaker": false,
        "isBestMatch": true
    },
    {
        "id": 72466287,
        "price": "76.00000000",
        "qty": "0.20000000",
        "quoteQty": "15.20000000",
        "time": 1629987082261,
        "isBuyerMaker": false,
        "isBestMatch": true
    },
    {
        "id": 72466288,
        "price": "76.00000000",
        "qty": "4.25100000",
        "quoteQty": "323.07600000",
        "time": 1629987082261,
        "isBuyerMaker": false,
        "isBestMatch": true
    },
    {
        "id": 72466289,
        "price": "76.00000000",
        "qty": "15.00000000",
        "quoteQty": "1140.00000000",
        "time": 1629987082261,
        "isBuyerMaker": false,
        "isBestMatch": true
    },
    {
        "id": 72466290,
        "price": "76.00000000",
        "qty": "15.60900000",
        "quoteQty": "1186.28400000",
        "time": 1629987082262,
        "isBuyerMaker": false,
        "isBestMatch": true
    },
    {
        "id": 72466291,
        "price": "76.00000000",
        "qty": "1.97000000",
        "quoteQty": "149.72000000",
        "time": 1629987082262,
        "isBuyerMaker": false,
        "isBestMatch": true
    },
    {
        "id": 72466292,
        "price": "76.00000000",
        "qty": "4.99000000",
        "quoteQty": "379.24000000",
        "time": 1629987082262,
        "isBuyerMaker": false,
        "isBestMatch": true
    },
    {
        "id": 72466293,
        "price": "76.00100000",
        "qty": "0.29000000",
        "quoteQty": "22.04029000",
        "time": 1629987082283,
        "isBuyerMaker": false,
        "isBestMatch": true
    },
    {
        "id": 72466294,
        "price": "76.00100000",
        "qty": "0.00400000",
        "quoteQty": "0.30400400",
        "time": 1629987082287,
        "isBuyerMaker": false,
        "isBestMatch": true
    },
    {
        "id": 72466295,
        "price": "76.00500000",
        "qty": "0.28600000",
        "quoteQty": "21.73743000",
        "time": 1629987082287,
        "isBuyerMaker": false,
        "isBestMatch": true
    },
    {
        "id": 72466296,
        "price": "76.00500000",
        "qty": "0.16400000",
        "quoteQty": "12.46482000",
        "time": 1629987082411,
        "isBuyerMaker": false,
        "isBestMatch": true
    },
    {
        "id": 72466297,
        "price": "76.00900000",
        "qty": "2.02800000",
        "quoteQty": "154.14625200",
        "time": 1629987082411,
        "isBuyerMaker": false,
        "isBestMatch": true
    },
    {
        "id": 72466298,
        "price": "76.01000000",
        "qty": "3.00000000",
        "quoteQty": "228.03000000",
        "time": 1629987082411,
        "isBuyerMaker": false,
        "isBestMatch": true
    },
    {
        "id": 72466299,
        "price": "76.01000000",
        "qty": "2.35000000",
        "quoteQty": "178.62350000",
        "time": 1629987082411,
        "isBuyerMaker": false,
        "isBestMatch": true
    },
    {
        "id": 72466300,
        "price": "76.01000000",
        "qty": "0.34000000",
        "quoteQty": "25.84340000",
        "time": 1629987082411,
        "isBuyerMaker": false,
        "isBestMatch": true
    },
    {
        "id": 72466301,
        "price": "76.01000000",
        "qty": "0.54800000",
        "quoteQty": "41.65348000",
        "time": 1629987082411,
        "isBuyerMaker": false,
        "isBestMatch": true
    },
    {
        "id": 72466302,
        "price": "75.99000000",
        "qty": "0.76000000",
        "quoteQty": "57.75240000",
        "time": 1629987082465,
        "isBuyerMaker": true,
        "isBestMatch": true
    },
    {
        "id": 72466303,
        "price": "75.98000000",
        "qty": "19.17000000",
        "quoteQty": "1456.53660000",
        "time": 1629987082465,
        "isBuyerMaker": true,
        "isBestMatch": true
    },
    {
        "id": 72466304,
        "price": "75.98000000",
        "qty": "2.86000000",
        "quoteQty": "217.30280000",
        "time": 1629987082465,
        "isBuyerMaker": true,
        "isBestMatch": true
    },
    {
        "id": 72466305,
        "price": "75.98000000",
        "qty": "36.17000000",
        "quoteQty": "2748.19660000",
        "time": 1629987082465,
        "isBuyerMaker": true,
        "isBestMatch": true
    },
    {
        "id": 72466306,
        "price": "76.01000000",
        "qty": "0.78200000",
        "quoteQty": "59.43982000",
        "time": 1629987082500,
        "isBuyerMaker": false,
        "isBestMatch": true
    },
    {
        "id": 72466307,
        "price": "76.01000000",
        "qty": "0.79000000",
        "quoteQty": "60.04790000",
        "time": 1629987082500,
        "isBuyerMaker": false,
        "isBestMatch": true
    },
    {
        "id": 72466308,
        "price": "76.01000000",
        "qty": "0.27000000",
        "quoteQty": "20.52270000",
        "time": 1629987082500,
        "isBuyerMaker": false,
        "isBestMatch": true
    },
    {
        "id": 72466309,
        "price": "76.01000000",
        "qty": "1.58000000",
        "quoteQty": "120.09580000",
        "time": 1629987082500,
        "isBuyerMaker": false,
        "isBestMatch": true
    },
    {
        "id": 72466310,
        "price": "76.01000000",
        "qty": "0.14000000",
        "quoteQty": "10.64140000",
        "time": 1629987082500,
        "isBuyerMaker": false,
        "isBestMatch": true
    },
    {
        "id": 72466311,
        "price": "76.01200000",
        "qty": "1.00000000",
        "quoteQty": "76.01200000",
        "time": 1629987082500,
        "isBuyerMaker": false,
        "isBestMatch": true
    },
    {
        "id": 72466312,
        "price": "76.01600000",
        "qty": "2.17800000",
        "quoteQty": "165.56284800",
        "time": 1629987082500,
        "isBuyerMaker": false,
        "isBestMatch": true
    },
    {
        "id": 72466313,
        "price": "75.99000000",
        "qty": "0.19000000",
        "quoteQty": "14.43810000",
        "time": 1629987082558,
        "isBuyerMaker": true,
        "isBestMatch": true
    },
    {
        "id": 72466314,
        "price": "76.00000000",
        "qty": "1.20000000",
        "quoteQty": "91.20000000",
        "time": 1629987082629,
        "isBuyerMaker": false,
        "isBestMatch": true
    },
    {
        "id": 72466315,
        "price": "76.00000000",
        "qty": "10.47000000",
        "quoteQty": "795.72000000",
        "time": 1629987082706,
        "isBuyerMaker": false,
        "isBestMatch": true
    },
    {
        "id": 72466316,
        "price": "75.99000000",
        "qty": "0.19000000",
        "quoteQty": "14.43810000",
        "time": 1629987082795,
        "isBuyerMaker": true,
        "isBestMatch": true
    },
    {
        "id": 72466317,
        "price": "75.98000000",
        "qty": "0.60000000",
        "quoteQty": "45.58800000",
        "time": 1629987082795,
        "isBuyerMaker": true,
        "isBestMatch": true
    },
    {
        "id": 72466318,
        "price": "75.99000000",
        "qty": "0.19000000",
        "quoteQty": "14.43810000",
        "time": 1629987082863,
        "isBuyerMaker": true,
        "isBestMatch": true
    },
    {
        "id": 72466319,
        "price": "75.98000000",
        "qty": "0.21000000",
        "quoteQty": "15.95580000",
        "time": 1629987082863,
        "isBuyerMaker": true,
        "isBestMatch": true
    },
    {
        "id": 72466320,
        "price": "76.01600000",
        "qty": "0.39000000",
        "quoteQty": "29.64624000",
        "time": 1629987082875,
        "isBuyerMaker": false,
        "isBestMatch": true
    },
    {
        "id": 72466321,
        "price": "75.99000000",
        "qty": "0.20000000",
        "quoteQty": "15.19800000",
        "time": 1629987082904,
        "isBuyerMaker": true,
        "isBestMatch": true
    },
    {
        "id": 72466322,
        "price": "75.99000000",
        "qty": "12.73000000",
        "quoteQty": "967.35270000",
        "time": 1629987082904,
        "isBuyerMaker": true,
        "isBestMatch": true
    },
    {
        "id": 72466323,
        "price": "75.98000000",
        "qty": "2.72000000",
        "quoteQty": "206.66560000",
        "time": 1629987082904,
        "isBuyerMaker": true,
        "isBestMatch": true
    },
    {
        "id": 72466324,
        "price": "76.01600000",
        "qty": "5.84700000",
        "quoteQty": "444.46555200",
        "time": 1629987082915,
        "isBuyerMaker": false,
        "isBestMatch": true
    },
    {
        "id": 72466325,
        "price": "76.01800000",
        "qty": "0.74900000",
        "quoteQty": "56.93748200",
        "time": 1629987082915,
        "isBuyerMaker": false,
        "isBestMatch": true
    },
    {
        "id": 72466326,
        "price": "76.01800000",
        "qty": "1.70500000",
        "quoteQty": "129.61069000",
        "time": 1629987082915,
        "isBuyerMaker": false,
        "isBestMatch": true
    },
    {
        "id": 72466327,
        "price": "76.01900000",
        "qty": "0.17100000",
        "quoteQty": "12.99924900",
        "time": 1629987082915,
        "isBuyerMaker": false,
        "isBestMatch": true
    },
    {
        "id": 72466328,
        "price": "76.02000000",
        "qty": "0.29900000",
        "quoteQty": "22.72998000",
        "time": 1629987082915,
        "isBuyerMaker": false,
        "isBestMatch": true
    },
    {
        "id": 72466329,
        "price": "76.02000000",
        "qty": "0.20000000",
        "quoteQty": "15.20400000",
        "time": 1629987082915,
        "isBuyerMaker": false,
        "isBestMatch": true
    },
    {
        "id": 72466330,
        "price": "76.02000000",
        "qty": "0.26000000",
        "quoteQty": "19.76520000",
        "time": 1629987082915,
        "isBuyerMaker": false,
        "isBestMatch": true
    },
    {
        "id": 72466331,
        "price": "76.02000000",
        "qty": "0.26000000",
        "quoteQty": "19.76520000",
        "time": 1629987082915,
        "isBuyerMaker": false,
        "isBestMatch": true
    },
    {
        "id": 72466332,
        "price": "76.02000000",
        "qty": "1.32000000",
        "quoteQty": "100.34640000",
        "time": 1629987082915,
        "isBuyerMaker": false,
        "isBestMatch": true
    },
    {
        "id": 72466333,
        "price": "76.02600000",
        "qty": "4.34900000",
        "quoteQty": "330.63707400",
        "time": 1629987082915,
        "isBuyerMaker": false,
        "isBestMatch": true
    },
    {
        "id": 72466334,
        "price": "76.02800000",
        "qty": "0.26400000",
        "quoteQty": "20.07139200",
        "time": 1629987082915,
        "isBuyerMaker": false,
        "isBestMatch": true
    },
    {
        "id": 72466335,
        "price": "76.03000000",
        "qty": "2.54800000",
        "quoteQty": "193.72444000",
        "time": 1629987082915,
        "isBuyerMaker": false,
        "isBestMatch": true
    },
    {
        "id": 72466336,
        "price": "76.03000000",
        "qty": "0.14700000",
        "quoteQty": "11.17641000",
        "time": 1629987082915,
        "isBuyerMaker": false,
        "isBestMatch": true
    },
    {
        "id": 72466337,
        "price": "76.03000000",
        "qty": "0.19000000",
        "quoteQty": "14.44570000",
        "time": 1629987082915,
        "isBuyerMaker": false,
        "isBestMatch": true
    },
    {
        "id": 72466338,
        "price": "76.03700000",
        "qty": "0.99000000",
        "quoteQty": "75.27663000",
        "time": 1629987082915,
        "isBuyerMaker": false,
        "isBestMatch": true
    },
    {
        "id": 72466339,
        "price": "76.04000000",
        "qty": "0.16000000",
        "quoteQty": "12.16640000",
        "time": 1629987082915,
        "isBuyerMaker": false,
        "isBestMatch": true
    },
    {
        "id": 72466340,
        "price": "76.04000000",
        "qty": "0.14000000",
        "quoteQty": "10.64560000",
        "time": 1629987082915,
        "isBuyerMaker": false,
        "isBestMatch": true
    },
    {
        "id": 72466341,
        "price": "76.04000000",
        "qty": "0.39100000",
        "quoteQty": "29.73164000",
        "time": 1629987082915,
        "isBuyerMaker": false,
        "isBestMatch": true
    },
    {
        "id": 72466342,
        "price": "75.98000000",
        "qty": "0.52000000",
        "quoteQty": "39.50960000",
        "time": 1629987082975,
        "isBuyerMaker": true,
        "isBestMatch": true
    },
    {
        "id": 72466343,
        "price": "76.01000000",
        "qty": "0.73000000",
        "quoteQty": "55.48730000",
        "time": 1629987083060,
        "isBuyerMaker": true,
        "isBestMatch": true
    },
    {
        "id": 72466344,
        "price": "76.01000000",
        "qty": "0.40000000",
        "quoteQty": "30.40400000",
        "time": 1629987083062,
        "isBuyerMaker": true,
        "isBestMatch": true
    },
    {
        "id": 72466345,
        "price": "76.04000000",
        "qty": "0.94900000",
        "quoteQty": "72.16196000",
        "time": 1629987083279,
        "isBuyerMaker": false,
        "isBestMatch": true
    },
    {
        "id": 72466346,
        "price": "76.04000000",
        "qty": "0.20000000",
        "quoteQty": "15.20800000",
        "time": 1629987083279,
        "isBuyerMaker": false,
        "isBestMatch": true
    },
    {
        "id": 72466347,
        "price": "76.04000000",
        "qty": "0.21000000",
        "quoteQty": "15.96840000",
        "time": 1629987083279,
        "isBuyerMaker": false,
        "isBestMatch": true
    },
    {
        "id": 72466348,
        "price": "76.04000000",
        "qty": "0.39000000",
        "quoteQty": "29.65560000",
        "time": 1629987083279,
        "isBuyerMaker": false,
        "isBestMatch": true
    },
    {
        "id": 72466349,
        "price": "76.04000000",
        "qty": "0.14000000",
        "quoteQty": "10.64560000",
        "time": 1629987083279,
        "isBuyerMaker": false,
        "isBestMatch": true
    },
    {
        "id": 72466350,
        "price": "76.04000000",
        "qty": "0.27000000",
        "quoteQty": "20.53080000",
        "time": 1629987083279,
        "isBuyerMaker": false,
        "isBestMatch": true
    },
    {
        "id": 72466351,
        "price": "76.04000000",
        "qty": "0.14000000",
        "quoteQty": "10.64560000",
        "time": 1629987083279,
        "isBuyerMaker": false,
        "isBestMatch": true
    },
    {
        "id": 72466352,
        "price": "76.04000000",
        "qty": "0.14000000",
        "quoteQty": "10.64560000",
        "time": 1629987083279,
        "isBuyerMaker": false,
        "isBestMatch": true
    },
    {
        "id": 72466353,
        "price": "76.04000000",
        "qty": "0.14000000",
        "quoteQty": "10.64560000",
        "time": 1629987083279,
        "isBuyerMaker": false,
        "isBestMatch": true
    },
    {
        "id": 72466354,
        "price": "76.04000000",
        "qty": "0.39000000",
        "quoteQty": "29.65560000",
        "time": 1629987083279,
        "isBuyerMaker": false,
        "isBestMatch": true
    },
    {
        "id": 72466355,
        "price": "76.04000000",
        "qty": "0.33000000",
        "quoteQty": "25.09320000",
        "time": 1629987083279,
        "isBuyerMaker": false,
        "isBestMatch": true
    },
    {
        "id": 72466356,
        "price": "76.04000000",
        "qty": "0.33000000",
        "quoteQty": "25.09320000",
        "time": 1629987083279,
        "isBuyerMaker": false,
        "isBestMatch": true
    },
    {
        "id": 72466357,
        "price": "76.04000000",
        "qty": "11.00000000",
        "quoteQty": "836.44000000",
        "time": 1629987083279,
        "isBuyerMaker": false,
        "isBestMatch": true
    },
    {
        "id": 72466358,
        "price": "76.04100000",
        "qty": "6.29600000",
        "quoteQty": "478.75413600",
        "time": 1629987083279,
        "isBuyerMaker": false,
        "isBestMatch": true
    },
    {
        "id": 72466359,
        "price": "76.04300000",
        "qty": "0.26800000",
        "quoteQty": "20.37952400",
        "time": 1629987083279,
        "isBuyerMaker": false,
        "isBestMatch": true
    },
    {
        "id": 72466360,
        "price": "76.04400000",
        "qty": "0.59200000",
        "quoteQty": "45.01804800",
        "time": 1629987083279,
        "isBuyerMaker": false,
        "isBestMatch": true
    },
    {
        "id": 72466361,
        "price": "76.05000000",
        "qty": "2.61000000",
        "quoteQty": "198.49050000",
        "time": 1629987083279,
        "isBuyerMaker": false,
        "isBestMatch": true
    },
    {
        "id": 72466362,
        "price": "76.05000000",
        "qty": "0.40000000",
        "quoteQty": "30.42000000",
        "time": 1629987083279,
        "isBuyerMaker": false,
        "isBestMatch": true
    },
    {
        "id": 72466363,
        "price": "76.05000000",
        "qty": "0.17000000",
        "quoteQty": "12.92850000",
        "time": 1629987083279,
        "isBuyerMaker": false,
        "isBestMatch": true
    },
    {
        "id": 72466364,
        "price": "76.05100000",
        "qty": "0.62400000",
        "quoteQty": "47.45582400",
        "time": 1629987083279,
        "isBuyerMaker": false,
        "isBestMatch": true
    },
    {
        "id": 72466365,
        "price": "76.05100000",
        "qty": "0.27300000",
        "quoteQty": "20.76192300",
        "time": 1629987083279,
        "isBuyerMaker": false,
        "isBestMatch": true
    },
    {
        "id": 72466366,
        "price": "76.05300000",
        "qty": "0.59500000",
        "quoteQty": "45.25153500",
        "time": 1629987083279,
        "isBuyerMaker": false,
        "isBestMatch": true
    },
    {
        "id": 72466367,
        "price": "76.05700000",
        "qty": "0.26400000",
        "quoteQty": "20.07904800",
        "time": 1629987083279,
        "isBuyerMaker": false,
        "isBestMatch": true
    },
    {
        "id": 72466368,
        "price": "76.05700000",
        "qty": "0.67300000",
        "quoteQty": "51.18636100",
        "time": 1629987083279,
        "isBuyerMaker": false,
        "isBestMatch": true
    },
    {
        "id": 72466369,
        "price": "76.05700000",
        "qty": "5.27800000",
        "quoteQty": "401.42884600",
        "time": 1629987083279,
        "isBuyerMaker": false,
        "isBestMatch": true
    },
    {
        "id": 72466370,
        "price": "76.05800000",
        "qty": "0.30600000",
        "quoteQty": "23.27374800",
        "time": 1629987083279,
        "isBuyerMaker": false,
        "isBestMatch": true
    },
    {
        "id": 72466371,
        "price": "76.05800000",
        "qty": "0.26700000",
        "quoteQty": "20.30748600",
        "time": 1629987083279,
        "isBuyerMaker": false,
        "isBestMatch": true
    },
    {
        "id": 72466372,
        "price": "76.06000000",
        "qty": "1.59000000",
        "quoteQty": "120.93540000",
        "time": 1629987083279,
        "isBuyerMaker": false,
        "isBestMatch": true
    },
    {
        "id": 72466373,
        "price": "76.06000000",
        "qty": "1.33000000",
        "quoteQty": "101.15980000",
        "time": 1629987083279,
        "isBuyerMaker": false,
        "isBestMatch": true
    },
    {
        "id": 72466374,
        "price": "76.06000000",
        "qty": "0.76500000",
        "quoteQty": "58.18590000",
        "time": 1629987083279,
        "isBuyerMaker": false,
        "isBestMatch": true
    },
    {
        "id": 72466375,
        "price": "76.06000000",
        "qty": "26.71500000",
        "quoteQty": "2031.94290000",
        "time": 1629987083279,
        "isBuyerMaker": false,
        "isBestMatch": true
    },
    {
        "id": 72466376,
        "price": "76.06100000",
        "qty": "0.95700000",
        "quoteQty": "72.79037700",
        "time": 1629987083279,
        "isBuyerMaker": false,
        "isBestMatch": true
    },
    {
        "id": 72466377,
        "price": "76.06200000",
        "qty": "0.66300000",
        "quoteQty": "50.42910600",
        "time": 1629987083279,
        "isBuyerMaker": false,
        "isBestMatch": true
    },
    {
        "id": 72466378,
        "price": "76.06600000",
        "qty": "1.32600000",
        "quoteQty": "100.86351600",
        "time": 1629987083279,
        "isBuyerMaker": false,
        "isBestMatch": true
    },
    {
        "id": 72466379,
        "price": "76.06700000",
        "qty": "0.79400000",
        "quoteQty": "60.39719800",
        "time": 1629987083279,
        "isBuyerMaker": false,
        "isBestMatch": true
    },
    {
        "id": 72466380,
        "price": "76.06800000",
        "qty": "2.70700000",
        "quoteQty": "205.91607600",
        "time": 1629987083279,
        "isBuyerMaker": false,
        "isBestMatch": true
    },
    {
        "id": 72466381,
        "price": "76.06800000",
        "qty": "6.75900000",
        "quoteQty": "514.14361200",
        "time": 1629987083279,
        "isBuyerMaker": false,
        "isBestMatch": true
    },
    {
        "id": 72466382,
        "price": "76.06900000",
        "qty": "0.26400000",
        "quoteQty": "20.08221600",
        "time": 1629987083279,
        "isBuyerMaker": false,
        "isBestMatch": true
    },
    {
        "id": 72466383,
        "price": "76.07000000",
        "qty": "2.62700000",
        "quoteQty": "199.83589000",
        "time": 1629987083279,
        "isBuyerMaker": false,
        "isBestMatch": true
    },
    {
        "id": 72466384,
        "price": "76.07000000",
        "qty": "9.65100000",
        "quoteQty": "734.15157000",
        "time": 1629987083279,
        "isBuyerMaker": false,
        "isBestMatch": true
    },
    {
        "id": 72466385,
        "price": "76.07000000",
        "qty": "0.12700000",
        "quoteQty": "9.66089000",
        "time": 1629987083279,
        "isBuyerMaker": false,
        "isBestMatch": true
    },
    {
        "id": 72466386,
        "price": "76.06000000",
        "qty": "6.45000000",
        "quoteQty": "490.58700000",
        "time": 1629987083332,
        "isBuyerMaker": false,
        "isBestMatch": true
    },
    {
        "id": 72466387,
        "price": "76.04000000",
        "qty": "6.43000000",
        "quoteQty": "488.93720000",
        "time": 1629987083386,
        "isBuyerMaker": true,
        "isBestMatch": true
    },
    {
        "id": 72466388,
        "price": "76.03000000",
        "qty": "4.96000000",
        "quoteQty": "377.10880000",
        "time": 1629987083386,
        "isBuyerMaker": true,
        "isBestMatch": true
    },
    {
        "id": 72466389,
        "price": "76.01000000",
        "qty": "18.89000000",
        "quoteQty": "1435.82890000",
        "time": 1629987083386,
        "isBuyerMaker": true,
        "isBestMatch": true
    },
    {
        "id": 72466390,
        "price": "76.06000000",
        "qty": "1.13000000",
        "quoteQty": "85.94780000",
        "time": 1629987083411,
        "isBuyerMaker": false,
        "isBestMatch": true
    },
    {
        "id": 72466391,
        "price": "76.02000000",
        "qty": "0.28000000",
        "quoteQty": "21.28560000",
        "time": 1629987083413,
        "isBuyerMaker": true,
        "isBestMatch": true
    },
    {
        "id": 72466392,
        "price": "76.02000000",
        "qty": "0.96000000",
        "quoteQty": "72.97920000",
        "time": 1629987083415,
        "isBuyerMaker": true,
        "isBestMatch": true
    },
    {
        "id": 72466393,
        "price": "76.01000000",
        "qty": "28.30000000",
        "quoteQty": "2151.08300000",
        "time": 1629987083488,
        "isBuyerMaker": true,
        "isBestMatch": true
    },
    {
        "id": 72466394,
        "price": "76.01000000",
        "qty": "1.12000000",
        "quoteQty": "85.13120000",
        "time": 1629987083557,
        "isBuyerMaker": true,
        "isBestMatch": true
    },
    {
        "id": 72466395,
        "price": "76.06000000",
        "qty": "0.46000000",
        "quoteQty": "34.98760000",
        "time": 1629987083682,
        "isBuyerMaker": false,
        "isBestMatch": true
    },
    {
        "id": 72466396,
        "price": "76.01000000",
        "qty": "0.28000000",
        "quoteQty": "21.28280000",
        "time": 1629987083693,
        "isBuyerMaker": true,
        "isBestMatch": true
    },
    {
        "id": 72466397,
        "price": "76.01000000",
        "qty": "24.24000000",
        "quoteQty": "1842.48240000",
        "time": 1629987083693,
        "isBuyerMaker": true,
        "isBestMatch": true
    },
    {
        "id": 72466398,
        "price": "76.01000000",
        "qty": "1.32000000",
        "quoteQty": "100.33320000",
        "time": 1629987083719,
        "isBuyerMaker": true,
        "isBestMatch": true
    },
    {
        "id": 72466399,
        "price": "76.01000000",
        "qty": "0.19000000",
        "quoteQty": "14.44190000",
        "time": 1629987083759,
        "isBuyerMaker": true,
        "isBestMatch": true
    },
    {
        "id": 72466400,
        "price": "76.06000000",
        "qty": "19.98000000",
        "quoteQty": "1519.67880000",
        "time": 1629987083940,
        "isBuyerMaker": false,
        "isBestMatch": true
    },
    {
        "id": 72466401,
        "price": "76.06000000",
        "qty": "6.43000000",
        "quoteQty": "489.06580000",
        "time": 1629987084149,
        "isBuyerMaker": false,
        "isBestMatch": true
    },
    {
        "id": 72466402,
        "price": "76.06000000",
        "qty": "13.55000000",
        "quoteQty": "1030.61300000",
        "time": 1629987084149,
        "isBuyerMaker": false,
        "isBestMatch": true
    },
    {
        "id": 72466403,
        "price": "76.06000000",
        "qty": "5.33000000",
        "quoteQty": "405.39980000",
        "time": 1629987084149,
        "isBuyerMaker": false,
        "isBestMatch": true
    },
    {
        "id": 72466404,
        "price": "76.04000000",
        "qty": "2.00000000",
        "quoteQty": "152.08000000",
        "time": 1629987084277,
        "isBuyerMaker": false,
        "isBestMatch": true
    },
    {
        "id": 72466405,
        "price": "76.05000000",
        "qty": "10.07000000",
        "quoteQty": "765.82350000",
        "time": 1629987084277,
        "isBuyerMaker": false,
        "isBestMatch": true
    },
    {
        "id": 72466406,
        "price": "76.02000000",
        "qty": "0.72000000",
        "quoteQty": "54.73440000",
        "time": 1629987084442,
        "isBuyerMaker": true,
        "isBestMatch": true
    },
    {
        "id": 72466407,
        "price": "76.02000000",
        "qty": "0.32000000",
        "quoteQty": "24.32640000",
        "time": 1629987084567,
        "isBuyerMaker": true,
        "isBestMatch": true
    },
    {
        "id": 72466408,
        "price": "76.02000000",
        "qty": "1.18000000",
        "quoteQty": "89.70360000",
        "time": 1629987084567,
        "isBuyerMaker": true,
        "isBestMatch": true
    },
    {
        "id": 72466409,
        "price": "76.05000000",
        "qty": "0.40000000",
        "quoteQty": "30.42000000",
        "time": 1629987084656,
        "isBuyerMaker": false,
        "isBestMatch": true
    },
    {
        "id": 72466410,
        "price": "76.01000000",
        "qty": "0.14000000",
        "quoteQty": "10.64140000",
        "time": 1629987084678,
        "isBuyerMaker": true,
        "isBestMatch": true
    },
    {
        "id": 72466411,
        "price": "76.01000000",
        "qty": "0.78000000",
        "quoteQty": "59.28780000",
        "time": 1629987084680,
        "isBuyerMaker": true,
        "isBestMatch": true
    },
    {
        "id": 72466412,
        "price": "76.01000000",
        "qty": "0.14000000",
        "quoteQty": "10.64140000",
        "time": 1629987084682,
        "isBuyerMaker": true,
        "isBestMatch": true
    },
    {
        "id": 72466413,
        "price": "76.01000000",
        "qty": "1.10000000",
        "quoteQty": "83.61100000",
        "time": 1629987084683,
        "isBuyerMaker": true,
        "isBestMatch": true
    },
    {
        "id": 72466414,
        "price": "76.01000000",
        "qty": "0.45000000",
        "quoteQty": "34.20450000",
        "time": 1629987084683,
        "isBuyerMaker": true,
        "isBestMatch": true
    },
    {
        "id": 72466415,
        "price": "76.01000000",
        "qty": "0.52000000",
        "quoteQty": "39.52520000",
        "time": 1629987084683,
        "isBuyerMaker": true,
        "isBestMatch": true
    },
    {
        "id": 72466416,
        "price": "76.01000000",
        "qty": "0.78000000",
        "quoteQty": "59.28780000",
        "time": 1629987084684,
        "isBuyerMaker": true,
        "isBestMatch": true
    },
    {
        "id": 72466417,
        "price": "76.01000000",
        "qty": "0.14000000",
        "quoteQty": "10.64140000",
        "time": 1629987084684,
        "isBuyerMaker": true,
        "isBestMatch": true
    },
    {
        "id": 72466418,
        "price": "76.01000000",
        "qty": "0.65000000",
        "quoteQty": "49.40650000",
        "time": 1629987084684,
        "isBuyerMaker": true,
        "isBestMatch": true
    },
    {
        "id": 72466419,
        "price": "76.01000000",
        "qty": "0.25000000",
        "quoteQty": "19.00250000",
        "time": 1629987084685,
        "isBuyerMaker": true,
        "isBestMatch": true
    },
    {
        "id": 72466420,
        "price": "76.01000000",
        "qty": "0.14000000",
        "quoteQty": "10.64140000",
        "time": 1629987084685,
        "isBuyerMaker": true,
        "isBestMatch": true
    },
    {
        "id": 72466421,
        "price": "76.01000000",
        "qty": "19.84000000",
        "quoteQty": "1508.03840000",
        "time": 1629987084687,
        "isBuyerMaker": true,
        "isBestMatch": true
    },
    {
        "id": 72466422,
        "price": "76.01000000",
        "qty": "0.14000000",
        "quoteQty": "10.64140000",
        "time": 1629987084688,
        "isBuyerMaker": true,
        "isBestMatch": true
    },
    {
        "id": 72466423,
        "price": "76.01000000",
        "qty": "0.32000000",
        "quoteQty": "24.32320000",
        "time": 1629987084688,
        "isBuyerMaker": true,
        "isBestMatch": true
    },
    {
        "id": 72466424,
        "price": "76.01000000",
        "qty": "2.65000000",
        "quoteQty": "201.42650000",
        "time": 1629987084689,
        "isBuyerMaker": true,
        "isBestMatch": true
    },
    {
        "id": 72466425,
        "price": "76.01000000",
        "qty": "70.84000000",
        "quoteQty": "5384.54840000",
        "time": 1629987084689,
        "isBuyerMaker": true,
        "isBestMatch": true
    },
    {
        "id": 72466426,
        "price": "76.01000000",
        "qty": "0.52000000",
        "quoteQty": "39.52520000",
        "time": 1629987084689,
        "isBuyerMaker": true,
        "isBestMatch": true
    },
    {
        "id": 72466427,
        "price": "76.01000000",
        "qty": "0.14000000",
        "quoteQty": "10.64140000",
        "time": 1629987084689,
        "isBuyerMaker": true,
        "isBestMatch": true
    },
    {
        "id": 72466428,
        "price": "76.01000000",
        "qty": "0.32000000",
        "quoteQty": "24.32320000",
        "time": 1629987084689,
        "isBuyerMaker": true,
        "isBestMatch": true
    },
    {
        "id": 72466429,
        "price": "76.01000000",
        "qty": "0.26000000",
        "quoteQty": "19.76260000",
        "time": 1629987084689,
        "isBuyerMaker": true,
        "isBestMatch": true
    },
    {
        "id": 72466430,
        "price": "76.01000000",
        "qty": "9.92000000",
        "quoteQty": "754.01920000",
        "time": 1629987084689,
        "isBuyerMaker": true,
        "isBestMatch": true
    },
    {
        "id": 72466431,
        "price": "76.01000000",
        "qty": "1.75000000",
        "quoteQty": "133.01750000",
        "time": 1629987084692,
        "isBuyerMaker": true,
        "isBestMatch": true
    },
    {
        "id": 72466432,
        "price": "76.01000000",
        "qty": "0.14000000",
        "quoteQty": "10.64140000",
        "time": 1629987084692,
        "isBuyerMaker": true,
        "isBestMatch": true
    },
    {
        "id": 72466433,
        "price": "76.01000000",
        "qty": "1.31000000",
        "quoteQty": "99.57310000",
        "time": 1629987084692,
        "isBuyerMaker": true,
        "isBestMatch": true
    },
    {
        "id": 72466434,
        "price": "76.01000000",
        "qty": "3.43000000",
        "quoteQty": "260.71430000",
        "time": 1629987084692,
        "isBuyerMaker": true,
        "isBestMatch": true
    },
    {
        "id": 72466435,
        "price": "76.00000000",
        "qty": "0.80000000",
        "quoteQty": "60.80000000",
        "time": 1629987084692,
        "isBuyerMaker": true,
        "isBestMatch": true
    },
    {
        "id": 72466436,
        "price": "76.00000000",
        "qty": "1.60000000",
        "quoteQty": "121.60000000",
        "time": 1629987084692,
        "isBuyerMaker": true,
        "isBestMatch": true
    },
    {
        "id": 72466437,
        "price": "76.00000000",
        "qty": "2.45000000",
        "quoteQty": "186.20000000",
        "time": 1629987084692,
        "isBuyerMaker": true,
        "isBestMatch": true
    },
    {
        "id": 72466438,
        "price": "75.98000000",
        "qty": "18.95000000",
        "quoteQty": "1439.82100000",
        "time": 1629987084692,
        "isBuyerMaker": true,
        "isBestMatch": true
    },
    {
        "id": 72466439,
        "price": "75.98000000",
        "qty": "5.81000000",
        "quoteQty": "441.44380000",
        "time": 1629987084695,
        "isBuyerMaker": true,
        "isBestMatch": true
    },
    {
        "id": 72466440,
        "price": "75.98000000",
        "qty": "42.10000000",
        "quoteQty": "3198.75800000",
        "time": 1629987084695,
        "isBuyerMaker": true,
        "isBestMatch": true
    },
    {
        "id": 72466441,
        "price": "75.98000000",
        "qty": "1.31000000",
        "quoteQty": "99.53380000",
        "time": 1629987084695,
        "isBuyerMaker": true,
        "isBestMatch": true
    },
    {
        "id": 72466442,
        "price": "75.98000000",
        "qty": "0.78000000",
        "quoteQty": "59.26440000",
        "time": 1629987084695,
        "isBuyerMaker": true,
        "isBestMatch": true
    },
    {
        "id": 72466443,
        "price": "75.98000000",
        "qty": "0.14000000",
        "quoteQty": "10.63720000",
        "time": 1629987084695,
        "isBuyerMaker": true,
        "isBestMatch": true
    },
    {
        "id": 72466444,
        "price": "75.98000000",
        "qty": "31.86000000",
        "quoteQty": "2420.72280000",
        "time": 1629987084695,
        "isBuyerMaker": true,
        "isBestMatch": true
    },
    {
        "id": 72466445,
        "price": "75.98000000",
        "qty": "46.54000000",
        "quoteQty": "3536.10920000",
        "time": 1629987084697,
        "isBuyerMaker": true,
        "isBestMatch": true
    },
    {
        "id": 72466446,
        "price": "75.98000000",
        "qty": "25.00000000",
        "quoteQty": "1899.50000000",
        "time": 1629987084699,
        "isBuyerMaker": true,
        "isBestMatch": true
    },
    {
        "id": 72466447,
        "price": "75.98000000",
        "qty": "25.92000000",
        "quoteQty": "1969.40160000",
        "time": 1629987084701,
        "isBuyerMaker": true,
        "isBestMatch": true
    },
    {
        "id": 72466448,
        "price": "75.98000000",
        "qty": "24.49000000",
        "quoteQty": "1860.75020000",
        "time": 1629987084701,
        "isBuyerMaker": true,
        "isBestMatch": true
    },
    {
        "id": 72466449,
        "price": "75.98000000",
        "qty": "25.90000000",
        "quoteQty": "1967.88200000",
        "time": 1629987084704,
        "isBuyerMaker": true,
        "isBestMatch": true
    },
    {
        "id": 72466450,
        "price": "75.98000000",
        "qty": "9.56000000",
        "quoteQty": "726.36880000",
        "time": 1629987084704,
        "isBuyerMaker": true,
        "isBestMatch": true
    },
    {
        "id": 72466451,
        "price": "75.99000000",
        "qty": "11.61000000",
        "quoteQty": "882.24390000",
        "time": 1629987084709,
        "isBuyerMaker": true,
        "isBestMatch": true
    },
    {
        "id": 72466452,
        "price": "75.97000000",
        "qty": "0.65000000",
        "quoteQty": "49.38050000",
        "time": 1629987084713,
        "isBuyerMaker": true,
        "isBestMatch": true
    },
    {
        "id": 72466453,
        "price": "75.96000000",
        "qty": "28.29000000",
        "quoteQty": "2148.90840000",
        "time": 1629987084713,
        "isBuyerMaker": true,
        "isBestMatch": true
    },
    {
        "id": 72466454,
        "price": "75.95000000",
        "qty": "7.00000000",
        "quoteQty": "531.65000000",
        "time": 1629987084731,
        "isBuyerMaker": true,
        "isBestMatch": true
    },
    {
        "id": 72466455,
        "price": "76.05000000",
        "qty": "0.65000000",
        "quoteQty": "49.43250000",
        "time": 1629987084763,
        "isBuyerMaker": false,
        "isBestMatch": true
    },
    {
        "id": 72466456,
        "price": "75.97000000",
        "qty": "0.15000000",
        "quoteQty": "11.39550000",
        "time": 1629987084775,
        "isBuyerMaker": true,
        "isBestMatch": true
    },
    {
        "id": 72466457,
        "price": "75.97000000",
        "qty": "0.32000000",
        "quoteQty": "24.31040000",
        "time": 1629987084835,
        "isBuyerMaker": true,
        "isBestMatch": true
    },
    {
        "id": 72466458,
        "price": "75.97000000",
        "qty": "0.29000000",
        "quoteQty": "22.03130000",
        "time": 1629987084839,
        "isBuyerMaker": true,
        "isBestMatch": true
    },
    {
        "id": 72466459,
        "price": "75.95000000",
        "qty": "0.09000000",
        "quoteQty": "6.83550000",
        "time": 1629987084839,
        "isBuyerMaker": true,
        "isBestMatch": true
    },
    {
        "id": 72466460,
        "price": "75.95000000",
        "qty": "0.32000000",
        "quoteQty": "24.30400000",
        "time": 1629987084841,
        "isBuyerMaker": true,
        "isBestMatch": true
    },
    {
        "id": 72466461,
        "price": "75.95000000",
        "qty": "12.48000000",
        "quoteQty": "947.85600000",
        "time": 1629987084846,
        "isBuyerMaker": true,
        "isBestMatch": true
    },
    {
        "id": 72466462,
        "price": "76.00000000",
        "qty": "26.32000000",
        "quoteQty": "2000.32000000",
        "time": 1629987084903,
        "isBuyerMaker": false,
        "isBestMatch": true
    },
    {
        "id": 72466463,
        "price": "76.00000000",
        "qty": "8.50000000",
        "quoteQty": "646.00000000",
        "time": 1629987084903,
        "isBuyerMaker": false,
        "isBestMatch": true
    },
    {
        "id": 72466464,
        "price": "75.99000000",
        "qty": "13.16000000",
        "quoteQty": "1000.02840000",
        "time": 1629987084936,
        "isBuyerMaker": false,
        "isBestMatch": true
    },
    {
        "id": 72466465,
        "price": "76.00000000",
        "qty": "11.92000000",
        "quoteQty": "905.92000000",
        "time": 1629987084939,
        "isBuyerMaker": false,
        "isBestMatch": true
    },
    {
        "id": 72466466,
        "price": "76.01000000",
        "qty": "8.06000000",
        "quoteQty": "612.64060000",
        "time": 1629987084939,
        "isBuyerMaker": false,
        "isBestMatch": true
    },
    {
        "id": 72466467,
        "price": "75.94000000",
        "qty": "1.61000000",
        "quoteQty": "122.26340000",
        "time": 1629987084974,
        "isBuyerMaker": true,
        "isBestMatch": true
    },
    {
        "id": 72466468,
        "price": "75.94000000",
        "qty": "13.16000000",
        "quoteQty": "999.37040000",
        "time": 1629987084974,
        "isBuyerMaker": true,
        "isBestMatch": true
    },
    {
        "id": 72466469,
        "price": "75.93000000",
        "qty": "0.66000000",
        "quoteQty": "50.11380000",
        "time": 1629987084974,
        "isBuyerMaker": true,
        "isBestMatch": true
    },
    {
        "id": 72466470,
        "price": "75.93000000",
        "qty": "0.99000000",
        "quoteQty": "75.17070000",
        "time": 1629987084974,
        "isBuyerMaker": true,
        "isBestMatch": true
    },
    {
        "id": 72466471,
        "price": "75.93000000",
        "qty": "2.64000000",
        "quoteQty": "200.45520000",
        "time": 1629987084974,
        "isBuyerMaker": true,
        "isBestMatch": true
    },
    {
        "id": 72466472,
        "price": "75.93000000",
        "qty": "0.66000000",
        "quoteQty": "50.11380000",
        "time": 1629987084974,
        "isBuyerMaker": true,
        "isBestMatch": true
    },
    {
        "id": 72466473,
        "price": "75.93000000",
        "qty": "0.14000000",
        "quoteQty": "10.63020000",
        "time": 1629987084974,
        "isBuyerMaker": true,
        "isBestMatch": true
    },
    {
        "id": 72466474,
        "price": "75.93000000",
        "qty": "0.27000000",
        "quoteQty": "20.50110000",
        "time": 1629987084974,
        "isBuyerMaker": true,
        "isBestMatch": true
    },
    {
        "id": 72466475,
        "price": "75.93000000",
        "qty": "3.96000000",
        "quoteQty": "300.68280000",
        "time": 1629987084974,
        "isBuyerMaker": true,
        "isBestMatch": true
    },
    {
        "id": 72466476,
        "price": "75.93000000",
        "qty": "1.32000000",
        "quoteQty": "100.22760000",
        "time": 1629987084974,
        "isBuyerMaker": true,
        "isBestMatch": true
    },
    {
        "id": 72466477,
        "price": "75.93000000",
        "qty": "1.32000000",
        "quoteQty": "100.22760000",
        "time": 1629987084974,
        "isBuyerMaker": true,
        "isBestMatch": true
    },
    {
        "id": 72466478,
        "price": "75.93000000",
        "qty": "0.31000000",
        "quoteQty": "23.53830000",
        "time": 1629987084974,
        "isBuyerMaker": true,
        "isBestMatch": true
    },
    {
        "id": 72466479,
        "price": "75.92000000",
        "qty": "9.55000000",
        "quoteQty": "725.03600000",
        "time": 1629987084974,
        "isBuyerMaker": true,
        "isBestMatch": true
    },
    {
        "id": 72466480,
        "price": "75.92000000",
        "qty": "0.45000000",
        "quoteQty": "34.16400000",
        "time": 1629987085077,
        "isBuyerMaker": true,
        "isBestMatch": true
    },
    {
        "id": 72466481,
        "price": "75.92000000",
        "qty": "0.21000000",
        "quoteQty": "15.94320000",
        "time": 1629987085077,
        "isBuyerMaker": true,
        "isBestMatch": true
    },
    {
        "id": 72466482,
        "price": "75.98000000",
        "qty": "5.00000000",
        "quoteQty": "379.90000000",
        "time": 1629987085208,
        "isBuyerMaker": false,
        "isBestMatch": true
    },
    {
        "id": 72466483,
        "price": "75.98000000",
        "qty": "18.94000000",
        "quoteQty": "1439.06120000",
        "time": 1629987085347,
        "isBuyerMaker": false,
        "isBestMatch": true
    },
    {
        "id": 72466484,
        "price": "75.94000000",
        "qty": "0.39000000",
        "quoteQty": "29.61660000",
        "time": 1629987085469,
        "isBuyerMaker": true,
        "isBestMatch": true
    },
    {
        "id": 72466485,
        "price": "75.96000000",
        "qty": "12.02000000",
        "quoteQty": "913.03920000",
        "time": 1629987085617,
        "isBuyerMaker": true,
        "isBestMatch": true
    },
    {
        "id": 72466486,
        "price": "75.98000000",
        "qty": "3.60000000",
        "quoteQty": "273.52800000",
        "time": 1629987085646,
        "isBuyerMaker": false,
        "isBestMatch": true
    },
    {
        "id": 72466487,
        "price": "75.98000000",
        "qty": "0.20000000",
        "quoteQty": "15.19600000",
        "time": 1629987085665,
        "isBuyerMaker": false,
        "isBestMatch": true
    },
    {
        "id": 72466488,
        "price": "75.94000000",
        "qty": "0.14000000",
        "quoteQty": "10.63160000",
        "time": 1629987085688,
        "isBuyerMaker": true,
        "isBestMatch": true
    },
    {
        "id": 72466489,
        "price": "75.94000000",
        "qty": "0.14000000",
        "quoteQty": "10.63160000",
        "time": 1629987085691,
        "isBuyerMaker": true,
        "isBestMatch": true
    },
    {
        "id": 72466490,
        "price": "75.94000000",
        "qty": "0.14000000",
        "quoteQty": "10.63160000",
        "time": 1629987085693,
        "isBuyerMaker": true,
        "isBestMatch": true
    },
    {
        "id": 72466491,
        "price": "75.94000000",
        "qty": "0.52000000",
        "quoteQty": "39.48880000",
        "time": 1629987085694,
        "isBuyerMaker": true,
        "isBestMatch": true
    },
    {
        "id": 72466492,
        "price": "75.94000000",
        "qty": "0.14000000",
        "quoteQty": "10.63160000",
        "time": 1629987085696,
        "isBuyerMaker": true,
        "isBestMatch": true
    },
    {
        "id": 72466493,
        "price": "75.94000000",
        "qty": "0.14000000",
        "quoteQty": "10.63160000",
        "time": 1629987085697,
        "isBuyerMaker": true,
        "isBestMatch": true
    },
    {
        "id": 72466494,
        "price": "75.94000000",
        "qty": "0.18000000",
        "quoteQty": "13.66920000",
        "time": 1629987085697,
        "isBuyerMaker": true,
        "isBestMatch": true
    },
    {
        "id": 72466495,
        "price": "75.94000000",
        "qty": "0.14000000",
        "quoteQty": "10.63160000",
        "time": 1629987085698,
        "isBuyerMaker": true,
        "isBestMatch": true
    },
    {
        "id": 72466496,
        "price": "75.94000000",
        "qty": "0.25000000",
        "quoteQty": "18.98500000",
        "time": 1629987085699,
        "isBuyerMaker": true,
        "isBestMatch": true
    },
    {
        "id": 72466497,
        "price": "75.94000000",
        "qty": "0.25000000",
        "quoteQty": "18.98500000",
        "time": 1629987085699,
        "isBuyerMaker": true,
        "isBestMatch": true
    },
    {
        "id": 72466498,
        "price": "75.94000000",
        "qty": "0.14000000",
        "quoteQty": "10.63160000",
        "time": 1629987085700,
        "isBuyerMaker": true,
        "isBestMatch": true
    },
    {
        "id": 72466499,
        "price": "75.94000000",
        "qty": "0.52000000",
        "quoteQty": "39.48880000",
        "time": 1629987085700,
        "isBuyerMaker": true,
        "isBestMatch": true
    },
    {
        "id": 72466500,
        "price": "75.94000000",
        "qty": "0.14000000",
        "quoteQty": "10.63160000",
        "time": 1629987085700,
        "isBuyerMaker": true,
        "isBestMatch": true
    },
    {
        "id": 72466501,
        "price": "75.94000000",
        "qty": "0.14000000",
        "quoteQty": "10.63160000",
        "time": 1629987085702,
        "isBuyerMaker": true,
        "isBestMatch": true
    },
    {
        "id": 72466502,
        "price": "75.98000000",
        "qty": "0.39000000",
        "quoteQty": "29.63220000",
        "time": 1629987085702,
        "isBuyerMaker": false,
        "isBestMatch": true
    },
    {
        "id": 72466503,
        "price": "75.94000000",
        "qty": "0.14000000",
        "quoteQty": "10.63160000",
        "time": 1629987085702,
        "isBuyerMaker": true,
        "isBestMatch": true
    },
    {
        "id": 72466504,
        "price": "75.94000000",
        "qty": "0.80000000",
        "quoteQty": "60.75200000",
        "time": 1629987085702,
        "isBuyerMaker": true,
        "isBestMatch": true
    },
    {
        "id": 72466505,
        "price": "75.94000000",
        "qty": "0.14000000",
        "quoteQty": "10.63160000",
        "time": 1629987085702,
        "isBuyerMaker": true,
        "isBestMatch": true
    },
    {
        "id": 72466506,
        "price": "75.94000000",
        "qty": "0.14000000",
        "quoteQty": "10.63160000",
        "time": 1629987085702,
        "isBuyerMaker": true,
        "isBestMatch": true
    },
    {
        "id": 72466507,
        "price": "75.94000000",
        "qty": "0.14000000",
        "quoteQty": "10.63160000",
        "time": 1629987085703,
        "isBuyerMaker": true,
        "isBestMatch": true
    },
    {
        "id": 72466508,
        "price": "75.94000000",
        "qty": "0.25000000",
        "quoteQty": "18.98500000",
        "time": 1629987085703,
        "isBuyerMaker": true,
        "isBestMatch": true
    },
    {
        "id": 72466509,
        "price": "75.98000000",
        "qty": "0.65000000",
        "quoteQty": "49.38700000",
        "time": 1629987085703,
        "isBuyerMaker": false,
        "isBestMatch": true
    },
    {
        "id": 72466510,
        "price": "75.94000000",
        "qty": "0.14000000",
        "quoteQty": "10.63160000",
        "time": 1629987085703,
        "isBuyerMaker": true,
        "isBestMatch": true
    },
    {
        "id": 72466511,
        "price": "75.94000000",
        "qty": "0.14000000",
        "quoteQty": "10.63160000",
        "time": 1629987085704,
        "isBuyerMaker": true,
        "isBestMatch": true
    },
    {
        "id": 72466512,
        "price": "75.94000000",
        "qty": "0.14000000",
        "quoteQty": "10.63160000",
        "time": 1629987085704,
        "isBuyerMaker": true,
        "isBestMatch": true
    },
    {
        "id": 72466513,
        "price": "75.98000000",
        "qty": "0.32000000",
        "quoteQty": "24.31360000",
        "time": 1629987085704,
        "isBuyerMaker": false,
        "isBestMatch": true
    },
    {
        "id": 72466514,
        "price": "75.94000000",
        "qty": "0.14000000",
        "quoteQty": "10.63160000",
        "time": 1629987085704,
        "isBuyerMaker": true,
        "isBestMatch": true
    },
    {
        "id": 72466515,
        "price": "75.94000000",
        "qty": "0.25000000",
        "quoteQty": "18.98500000",
        "time": 1629987085704,
        "isBuyerMaker": true,
        "isBestMatch": true
    },
    {
        "id": 72466516,
        "price": "75.94000000",
        "qty": "0.85000000",
        "quoteQty": "64.54900000",
        "time": 1629987085704,
        "isBuyerMaker": true,
        "isBestMatch": true
    },
    {
        "id": 72466517,
        "price": "75.94000000",
        "qty": "0.14000000",
        "quoteQty": "10.63160000",
        "time": 1629987085705,
        "isBuyerMaker": true,
        "isBestMatch": true
    },
    {
        "id": 72466518,
        "price": "75.98000000",
        "qty": "2.63000000",
        "quoteQty": "199.82740000",
        "time": 1629987085705,
        "isBuyerMaker": false,
        "isBestMatch": true
    },
    {
        "id": 72466519,
        "price": "75.98000000",
        "qty": "0.32000000",
        "quoteQty": "24.31360000",
        "time": 1629987085705,
        "isBuyerMaker": false,
        "isBestMatch": true
    },
    {
        "id": 72466520,
        "price": "75.94000000",
        "qty": "0.14000000",
        "quoteQty": "10.63160000",
        "time": 1629987085705,
        "isBuyerMaker": true,
        "isBestMatch": true
    },
    {
        "id": 72466521,
        "price": "75.94000000",
        "qty": "0.14000000",
        "quoteQty": "10.63160000",
        "time": 1629987085705,
        "isBuyerMaker": true,
        "isBestMatch": true
    },
    {
        "id": 72466522,
        "price": "75.94000000",
        "qty": "1.07000000",
        "quoteQty": "81.25580000",
        "time": 1629987085706,
        "isBuyerMaker": true,
        "isBestMatch": true
    },
    {
        "id": 72466523,
        "price": "75.94000000",
        "qty": "0.14000000",
        "quoteQty": "10.63160000",
        "time": 1629987085706,
        "isBuyerMaker": true,
        "isBestMatch": true
    },
    {
        "id": 72466524,
        "price": "75.94000000",
        "qty": "0.14000000",
        "quoteQty": "10.63160000",
        "time": 1629987085706,
        "isBuyerMaker": true,
        "isBestMatch": true
    },
    {
        "id": 72466525,
        "price": "75.94000000",
        "qty": "0.14000000",
        "quoteQty": "10.63160000",
        "time": 1629987085706,
        "isBuyerMaker": true,
        "isBestMatch": true
    },
    {
        "id": 72466526,
        "price": "75.94000000",
        "qty": "0.14000000",
        "quoteQty": "10.63160000",
        "time": 1629987085706,
        "isBuyerMaker": true,
        "isBestMatch": true
    },
    {
        "id": 72466527,
        "price": "75.94000000",
        "qty": "0.25000000",
        "quoteQty": "18.98500000",
        "time": 1629987085707,
        "isBuyerMaker": true,
        "isBestMatch": true
    },
    {
        "id": 72466528,
        "price": "75.98000000",
        "qty": "0.26000000",
        "quoteQty": "19.75480000",
        "time": 1629987085707,
        "isBuyerMaker": false,
        "isBestMatch": true
    },
    {
        "id": 72466529,
        "price": "75.94000000",
        "qty": "0.14000000",
        "quoteQty": "10.63160000",
        "time": 1629987085708,
        "isBuyerMaker": true,
        "isBestMatch": true
    },
    {
        "id": 72466530,
        "price": "75.98000000",
        "qty": "0.15000000",
        "quoteQty": "11.39700000",
        "time": 1629987085708,
        "isBuyerMaker": false,
        "isBestMatch": true
    },
    {
        "id": 72466531,
        "price": "75.94000000",
        "qty": "1.32000000",
        "quoteQty": "100.24080000",
        "time": 1629987085708,
        "isBuyerMaker": true,
        "isBestMatch": true
    },
    {
        "id": 72466532,
        "price": "75.94000000",
        "qty": "0.14000000",
        "quoteQty": "10.63160000",
        "time": 1629987085708,
        "isBuyerMaker": true,
        "isBestMatch": true
    },
    {
        "id": 72466533,
        "price": "75.94000000",
        "qty": "0.14000000",
        "quoteQty": "10.63160000",
        "time": 1629987085708,
        "isBuyerMaker": true,
        "isBestMatch": true
    },
    {
        "id": 72466534,
        "price": "75.94000000",
        "qty": "0.78000000",
        "quoteQty": "59.23320000",
        "time": 1629987085709,
        "isBuyerMaker": true,
        "isBestMatch": true
    },
    {
        "id": 72466535,
        "price": "75.94000000",
        "qty": "0.25000000",
        "quoteQty": "18.98500000",
        "time": 1629987085709,
        "isBuyerMaker": true,
        "isBestMatch": true
    },
    {
        "id": 72466536,
        "price": "75.94000000",
        "qty": "0.14000000",
        "quoteQty": "10.63160000",
        "time": 1629987085709,
        "isBuyerMaker": true,
        "isBestMatch": true
    },
    {
        "id": 72466537,
        "price": "75.94000000",
        "qty": "0.14000000",
        "quoteQty": "10.63160000",
        "time": 1629987085710,
        "isBuyerMaker": true,
        "isBestMatch": true
    },
    {
        "id": 72466538,
        "price": "75.94000000",
        "qty": "0.14000000",
        "quoteQty": "10.63160000",
        "time": 1629987085710,
        "isBuyerMaker": true,
        "isBestMatch": true
    },
    {
        "id": 72466539,
        "price": "75.98000000",
        "qty": "0.15000000",
        "quoteQty": "11.39700000",
        "time": 1629987085710,
        "isBuyerMaker": false,
        "isBestMatch": true
    },
    {
        "id": 72466540,
        "price": "75.98000000",
        "qty": "0.15000000",
        "quoteQty": "11.39700000",
        "time": 1629987085711,
        "isBuyerMaker": false,
        "isBestMatch": true
    },
    {
        "id": 72466541,
        "price": "75.98000000",
        "qty": "0.15000000",
        "quoteQty": "11.39700000",
        "time": 1629987085711,
        "isBuyerMaker": false,
        "isBestMatch": true
    },
    {
        "id": 72466542,
        "price": "75.94000000",
        "qty": "0.14000000",
        "quoteQty": "10.63160000",
        "time": 1629987085712,
        "isBuyerMaker": true,
        "isBestMatch": true
    },
    {
        "id": 72466543,
        "price": "75.94000000",
        "qty": "3.31000000",
        "quoteQty": "251.36140000",
        "time": 1629987085712,
        "isBuyerMaker": true,
        "isBestMatch": true
    },
    {
        "id": 72466544,
        "price": "75.94000000",
        "qty": "0.14000000",
        "quoteQty": "10.63160000",
        "time": 1629987085713,
        "isBuyerMaker": true,
        "isBestMatch": true
    },
    {
        "id": 72466545,
        "price": "75.94000000",
        "qty": "0.14000000",
        "quoteQty": "10.63160000",
        "time": 1629987085713,
        "isBuyerMaker": true,
        "isBestMatch": true
    },
    {
        "id": 72466546,
        "price": "75.98000000",
        "qty": "0.78000000",
        "quoteQty": "59.26440000",
        "time": 1629987085713,
        "isBuyerMaker": false,
        "isBestMatch": true
    },
    {
        "id": 72466547,
        "price": "75.94000000",
        "qty": "0.14000000",
        "quoteQty": "10.63160000",
        "time": 1629987085713,
        "isBuyerMaker": true,
        "isBestMatch": true
    },
    {
        "id": 72466548,
        "price": "75.98000000",
        "qty": "0.15000000",
        "quoteQty": "11.39700000",
        "time": 1629987085714,
        "isBuyerMaker": false,
        "isBestMatch": true
    },
    {
        "id": 72466549,
        "price": "75.94000000",
        "qty": "0.14000000",
        "quoteQty": "10.63160000",
        "time": 1629987085715,
        "isBuyerMaker": true,
        "isBestMatch": true
    },
    {
        "id": 72466550,
        "price": "75.94000000",
        "qty": "0.25000000",
        "quoteQty": "18.98500000",
        "time": 1629987085715,
        "isBuyerMaker": true,
        "isBestMatch": true
    },
    {
        "id": 72466551,
        "price": "75.98000000",
        "qty": "0.32000000",
        "quoteQty": "24.31360000",
        "time": 1629987085715,
        "isBuyerMaker": false,
        "isBestMatch": true
    },
    {
        "id": 72466552,
        "price": "75.94000000",
        "qty": "0.70000000",
        "quoteQty": "53.15800000",
        "time": 1629987085717,
        "isBuyerMaker": true,
        "isBestMatch": true
    },
    {
        "id": 72466553,
        "price": "75.94000000",
        "qty": "0.14000000",
        "quoteQty": "10.63160000",
        "time": 1629987085717,
        "isBuyerMaker": true,
        "isBestMatch": true
    },
    {
        "id": 72466554,
        "price": "75.94000000",
        "qty": "0.14000000",
        "quoteQty": "10.63160000",
        "time": 1629987085718,
        "isBuyerMaker": true,
        "isBestMatch": true
    },
    {
        "id": 72466555,
        "price": "75.94000000",
        "qty": "0.25000000",
        "quoteQty": "18.98500000",
        "time": 1629987085718,
        "isBuyerMaker": true,
        "isBestMatch": true
    },
    {
        "id": 72466556,
        "price": "75.94000000",
        "qty": "0.14000000",
        "quoteQty": "10.63160000",
        "time": 1629987085719,
        "isBuyerMaker": true,
        "isBestMatch": true
    },
    {
        "id": 72466557,
        "price": "75.94000000",
        "qty": "0.14000000",
        "quoteQty": "10.63160000",
        "time": 1629987085721,
        "isBuyerMaker": true,
        "isBestMatch": true
    },
    {
        "id": 72466558,
        "price": "75.94000000",
        "qty": "0.14000000",
        "quoteQty": "10.63160000",
        "time": 1629987085725,
        "isBuyerMaker": true,
        "isBestMatch": true
    },
    {
        "id": 72466559,
        "price": "75.98000000",
        "qty": "2.94000000",
        "quoteQty": "223.38120000",
        "time": 1629987085729,
        "isBuyerMaker": false,
        "isBestMatch": true
    },
    {
        "id": 72466560,
        "price": "75.99000000",
        "qty": "8.06000000",
        "quoteQty": "612.47940000",
        "time": 1629987085729,
        "isBuyerMaker": false,
        "isBestMatch": true
    },
    {
        "id": 72466561,
        "price": "75.98000000",
        "qty": "13.16000000",
        "quoteQty": "999.89680000",
        "time": 1629987085800,
        "isBuyerMaker": false,
        "isBestMatch": true
    },
    {
        "id": 72466562,
        "price": "75.95000000",
        "qty": "0.14000000",
        "quoteQty": "10.63300000",
        "time": 1629987085852,
        "isBuyerMaker": true,
        "isBestMatch": true
    },
    {
        "id": 72466563,
        "price": "76.00000000",
        "qty": "0.78000000",
        "quoteQty": "59.28000000",
        "time": 1629987085858,
        "isBuyerMaker": false,
        "isBestMatch": true
    },
    {
        "id": 72466564,
        "price": "76.00000000",
        "qty": "5.72000000",
        "quoteQty": "434.72000000",
        "time": 1629987085858,
        "isBuyerMaker": false,
        "isBestMatch": true
    },
    {
        "id": 72466565,
        "price": "76.01000000",
        "qty": "17.95000000",
        "quoteQty": "1364.37950000",
        "time": 1629987085858,
        "isBuyerMaker": false,
        "isBestMatch": true
    },
    {
        "id": 72466566,
        "price": "75.95000000",
        "qty": "0.19000000",
        "quoteQty": "14.43050000",
        "time": 1629987085860,
        "isBuyerMaker": true,
        "isBestMatch": true
    },
    {
        "id": 72466567,
        "price": "76.01000000",
        "qty": "0.52000000",
        "quoteQty": "39.52520000",
        "time": 1629987085862,
        "isBuyerMaker": false,
        "isBestMatch": true
    },
    {
        "id": 72466568,
        "price": "75.96000000",
        "qty": "0.14000000",
        "quoteQty": "10.63440000",
        "time": 1629987085882,
        "isBuyerMaker": true,
        "isBestMatch": true
    },
    {
        "id": 72466569,
        "price": "76.00000000",
        "qty": "0.15000000",
        "quoteQty": "11.40000000",
        "time": 1629987085904,
        "isBuyerMaker": false,
        "isBestMatch": true
    },
    {
        "id": 72466570,
        "price": "76.01000000",
        "qty": "2.51000000",
        "quoteQty": "190.78510000",
        "time": 1629987085904,
        "isBuyerMaker": false,
        "isBestMatch": true
    },
    {
        "id": 72466571,
        "price": "75.96000000",
        "qty": "8.53000000",
        "quoteQty": "647.93880000",
        "time": 1629987086148,
        "isBuyerMaker": true,
        "isBestMatch": true
    },
    {
        "id": 72466572,
        "price": "76.00000000",
        "qty": "15.34000000",
        "quoteQty": "1165.84000000",
        "time": 1629987086160,
        "isBuyerMaker": false,
        "isBestMatch": true
    },
    {
        "id": 72466573,
        "price": "75.96000000",
        "qty": "1.00000000",
        "quoteQty": "75.96000000",
        "time": 1629987086213,
        "isBuyerMaker": true,
        "isBestMatch": true
    },
    {
        "id": 72466574,
        "price": "76.00000000",
        "qty": "10.89000000",
        "quoteQty": "827.64000000",
        "time": 1629987086241,
        "isBuyerMaker": false,
        "isBestMatch": true
    },
    {
        "id": 72466575,
        "price": "76.00000000",
        "qty": "0.46000000",
        "quoteQty": "34.96000000",
        "time": 1629987086466,
        "isBuyerMaker": false,
        "isBestMatch": true
    },
    {
        "id": 72466576,
        "price": "76.00000000",
        "qty": "1.31000000",
        "quoteQty": "99.56000000",
        "time": 1629987086530,
        "isBuyerMaker": false,
        "isBestMatch": true
    },
    {
        "id": 72466577,
        "price": "76.00000000",
        "qty": "0.66000000",
        "quoteQty": "50.16000000",
        "time": 1629987086530,
        "isBuyerMaker": false,
        "isBestMatch": true
    },
    {
        "id": 72466578,
        "price": "76.00000000",
        "qty": "9.60000000",
        "quoteQty": "729.60000000",
        "time": 1629987086565,
        "isBuyerMaker": false,
        "isBestMatch": true
    },
    {
        "id": 72466579,
        "price": "76.00000000",
        "qty": "0.79000000",
        "quoteQty": "60.04000000",
        "time": 1629987086616,
        "isBuyerMaker": false,
        "isBestMatch": true
    },
    {
        "id": 72466580,
        "price": "76.00000000",
        "qty": "15.40000000",
        "quoteQty": "1170.40000000",
        "time": 1629987086689,
        "isBuyerMaker": false,
        "isBestMatch": true
    },
    {
        "id": 72466581,
        "price": "76.00000000",
        "qty": "0.15000000",
        "quoteQty": "11.40000000",
        "time": 1629987086701,
        "isBuyerMaker": false,
        "isBestMatch": true
    },
    {
        "id": 72466582,
        "price": "76.00000000",
        "qty": "0.26000000",
        "quoteQty": "19.76000000",
        "time": 1629987086705,
        "isBuyerMaker": false,
        "isBestMatch": true
    },
    {
        "id": 72466583,
        "price": "76.00000000",
        "qty": "0.15000000",
        "quoteQty": "11.40000000",
