[
    {
        "id": 68525909,
        "price": "0.00383500",
        "qty": "1.59000000",
        "quoteQty": "0.00609765",
        "time": 1629626441206,
        "isBuyerMaker": true,
        "isBestMatch": true
    },
    {
        "id": 68525910,
        "price": "0.00383400",
        "qty": "0.29000000",
        "quoteQty": "0.00111186",
        "time": 1629626463843,
        "isBuyerMaker": false,
        "isBestMatch": true
    },
    {
        "id": 68525911,
        "price": "0.00383400",
        "qty": "0.51000000",
        "quoteQty": "0.00195534",
        "time": 1629626470974,
        "isBuyerMaker": true,
        "isBestMatch": true
    },
    {
        "id": 68525912,
        "price": "0.00383300",
        "qty": "3.31000000",
        "quoteQty": "0.01268723",
        "time": 1629626476609,
        "isBuyerMaker": true,
        "isBestMatch": true
    },
    {
        "id": 68525913,
        "price": "0.00383300",
        "qty": "1.40000000",
        "quoteQty": "0.00536620",
        "time": 1629626476659,
        "isBuyerMaker": true,
        "isBestMatch": true
    },
    {
        "id": 68525914,
        "price": "0.00383100",
        "qty": "0.34000000",
        "quoteQty": "0.00130254",
        "time": 1629626477627,
        "isBuyerMaker": true,
        "isBestMatch": true
    },
    {
        "id": 68525915,
        "price": "0.00383400",
        "qty": "0.15000000",
        "quoteQty": "0.00057510",
        "time": 1629626480894,
        "isBuyerMaker": false,
        "isBestMatch": true
    },
    {
        "id": 68525916,
        "price": "0.00383200",
        "qty": "1.72000000",
        "quoteQty": "0.00659104",
        "time": 1629626487055,
        "isBuyerMaker": true,
        "isBestMatch": true
    },
    {
        "id": 68525917,
        "price": "0.00383200",
        "qty": "0.61000000",
        "quoteQty": "0.00233752",
        "time": 1629626487152,
        "isBuyerMaker": true,
        "isBestMatch": true
    },
    {
        "id": 68525918,
        "price": "0.00383200",
        "qty": "6.15000000",
        "quoteQty": "0.02356680",
        "time": 1629626487152,
        "isBuyerMaker": true,
        "isBestMatch": true
    },
    {
        "id": 68525919,
        "price": "0.00383200",
        "qty": "0.18000000",
        "quoteQty": "0.00068976",
        "time": 1629626487200,
        "isBuyerMaker": true,
        "isBestMatch": true
    },
    {
        "id": 68525920,
        "price": "0.00383200",
        "qty": "0.86000000",
        "quoteQty": "0.00329552",
        "time": 1629626490476,
        "isBuyerMaker": false,
        "isBestMatch": true
    },
    {
        "id": 68525921,
        "price": "0.00383300",
        "qty": "3.15000000",
        "quoteQty": "0.01207395",
        "time": 1629626490476,
        "isBuyerMaker": false,
        "isBestMatch": true
    },
    {
        "id": 68525922,
        "price": "0.00383100",
        "qty": "0.94000000",
        "quoteQty": "0.00360114",
        "time": 1629626493329,
        "isBuyerMaker": true,
        "isBestMatch": true
    },
    {
        "id": 68525923,
        "price": "0.00383100",
        "qty": "3.39000000",
        "quoteQty": "0.01298709",
        "time": 1629626493400,
        "isBuyerMaker": true,
        "isBestMatch": true
    },
    {
        "id": 68525924,
        "price": "0.00383100",
        "qty": "2.11000000",
        "quoteQty": "0.00808341",
        "time": 1629626494854,
        "isBuyerMaker": true,
        "isBestMatch": true
    },
    {
        "id": 68525925,
        "price": "0.00383200",
        "qty": "0.10000000",
        "quoteQty": "0.00038320",
        "time": 1629626501989,
        "isBuyerMaker": false,
        "isBestMatch": true
    },
    {
        "id": 68525926,
        "price": "0.00383200",
        "qty": "0.18000000",
        "quoteQty": "0.00068976",
        "time": 1629626503239,
        "isBuyerMaker": false,
        "isBestMatch": true
    },
    {
        "id": 68525927,
        "price": "0.00383200",
        "qty": "0.19000000",
        "quoteQty": "0.00072808",
        "time": 1629626515809,
        "isBuyerMaker": false,
        "isBestMatch": true
    },
    {
        "id": 68525928,
        "price": "0.00383300",
        "qty": "0.40000000",
        "quoteQty": "0.00153320",
        "time": 1629626531037,
        "isBuyerMaker": false,
        "isBestMatch": true
    },
    {
        "id": 68525929,
        "price": "0.00383200",
        "qty": "0.05000000",
        "quoteQty": "0.00019160",
        "time": 1629626538504,
        "isBuyerMaker": true,
        "isBestMatch": true
    },
    {
        "id": 68525930,
        "price": "0.00383200",
        "qty": "1.00000000",
        "quoteQty": "0.00383200",
        "time": 1629626545104,
        "isBuyerMaker": false,
        "isBestMatch": true
    },
    {
        "id": 68525931,
        "price": "0.00383200",
        "qty": "6.15000000",
        "quoteQty": "0.02356680",
        "time": 1629626545998,
        "isBuyerMaker": true,
        "isBestMatch": true
    },
    {
        "id": 68525932,
        "price": "0.00383200",
        "qty": "1.62000000",
        "quoteQty": "0.00620784",
        "time": 1629626545998,
        "isBuyerMaker": true,
        "isBestMatch": true
    },
    {
        "id": 68525933,
        "price": "0.00383100",
        "qty": "0.11000000",
        "quoteQty": "0.00042141",
        "time": 1629626545998,
        "isBuyerMaker": true,
        "isBestMatch": true
    },
    {
        "id": 68525934,
        "price": "0.00383100",
        "qty": "0.09000000",
        "quoteQty": "0.00034479",
        "time": 1629626545998,
        "isBuyerMaker": true,
        "isBestMatch": true
    },
    {
        "id": 68525935,
        "price": "0.00383100",
        "qty": "6.65000000",
        "quoteQty": "0.02547615",
        "time": 1629626545998,
        "isBuyerMaker": true,
        "isBestMatch": true
    },
    {
        "id": 68525936,
        "price": "0.00383300",
        "qty": "0.08000000",
        "quoteQty": "0.00030664",
        "time": 1629626549649,
        "isBuyerMaker": false,
        "isBestMatch": true
    },
    {
        "id": 68525937,
        "price": "0.00383200",
        "qty": "0.04000000",
        "quoteQty": "0.00015328",
        "time": 1629626558472,
        "isBuyerMaker": false,
        "isBestMatch": true
    },
    {
        "id": 68525938,
        "price": "0.00383200",
        "qty": "0.06000000",
        "quoteQty": "0.00022992",
        "time": 1629626558746,
        "isBuyerMaker": false,
        "isBestMatch": true
    },
    {
        "id": 68525939,
        "price": "0.00383200",
        "qty": "0.19000000",
        "quoteQty": "0.00072808",
        "time": 1629626559995,
        "isBuyerMaker": false,
        "isBestMatch": true
    },
    {
        "id": 68525940,
        "price": "0.00383200",
        "qty": "0.34000000",
        "quoteQty": "0.00130288",
        "time": 1629626560338,
        "isBuyerMaker": false,
        "isBestMatch": true
    },
    {
        "id": 68525941,
        "price": "0.00383300",
        "qty": "0.10000000",
        "quoteQty": "0.00038330",
        "time": 1629626562397,
        "isBuyerMaker": false,
        "isBestMatch": true
    },
    {
        "id": 68525942,
        "price": "0.00383100",
        "qty": "0.04000000",
        "quoteQty": "0.00015324",
        "time": 1629626573365,
        "isBuyerMaker": true,
        "isBestMatch": true
    },
    {
        "id": 68525943,
        "price": "0.00383100",
        "qty": "0.01000000",
        "quoteQty": "0.00003831",
        "time": 1629626573365,
        "isBuyerMaker": true,
        "isBestMatch": true
    },
    {
        "id": 68525944,
        "price": "0.00383100",
        "qty": "0.02000000",
        "quoteQty": "0.00007662",
        "time": 1629626573625,
        "isBuyerMaker": true,
        "isBestMatch": true
    },
    {
        "id": 68525945,
        "price": "0.00383100",
        "qty": "0.03000000",
        "quoteQty": "0.00011493",
        "time": 1629626573625,
        "isBuyerMaker": true,
        "isBestMatch": true
    },
    {
        "id": 68525946,
        "price": "0.00383100",
        "qty": "0.05000000",
        "quoteQty": "0.00019155",
        "time": 1629626573632,
        "isBuyerMaker": true,
        "isBestMatch": true
    },
    {
        "id": 68525947,
        "price": "0.00383100",
        "qty": "0.05000000",
        "quoteQty": "0.00019155",
        "time": 1629626573938,
        "isBuyerMaker": true,
        "isBestMatch": true
    },
    {
        "id": 68525948,
        "price": "0.00383100",
        "qty": "0.05000000",
        "quoteQty": "0.00019155",
        "time": 1629626573945,
        "isBuyerMaker": true,
        "isBestMatch": true
    },
    {
        "id": 68525949,
        "price": "0.00383100",
        "qty": "0.05000000",
        "quoteQty": "0.00019155",
        "time": 1629626573950,
        "isBuyerMaker": true,
        "isBestMatch": true
    },
    {
        "id": 68525950,
        "price": "0.00383300",
        "qty": "0.39000000",
        "quoteQty": "0.00149487",
        "time": 1629626575163,
        "isBuyerMaker": false,
        "isBestMatch": true
    },
    {
        "id": 68525951,
        "price": "0.00383300",
        "qty": "0.10000000",
        "quoteQty": "0.00038330",
        "time": 1629626575846,
        "isBuyerMaker": false,
        "isBestMatch": true
    },
    {
        "id": 68525952,
        "price": "0.00383300",
        "qty": "0.10000000",
        "quoteQty": "0.00038330",
        "time": 1629626576582,
        "isBuyerMaker": false,
        "isBestMatch": true
    },
    {
        "id": 68525953,
        "price": "0.00383200",
        "qty": "0.19000000",
        "quoteQty": "0.00072808",
        "time": 1629626579327,
        "isBuyerMaker": true,
        "isBestMatch": true
    },
    {
        "id": 68525954,
        "price": "0.00383300",
        "qty": "0.03000000",
        "quoteQty": "0.00011499",
        "time": 1629626579688,
        "isBuyerMaker": false,
        "isBestMatch": true
    },
    {
        "id": 68525955,
        "price": "0.00383400",
        "qty": "0.07000000",
        "quoteQty": "0.00026838",
        "time": 1629626579688,
        "isBuyerMaker": false,
        "isBestMatch": true
    },
    {
        "id": 68525956,
        "price": "0.00383400",
        "qty": "0.07000000",
        "quoteQty": "0.00026838",
        "time": 1629626590367,
        "isBuyerMaker": false,
        "isBestMatch": true
    },
    {
        "id": 68525957,
        "price": "0.00383400",
        "qty": "0.03000000",
        "quoteQty": "0.00011502",
        "time": 1629626603670,
        "isBuyerMaker": false,
        "isBestMatch": true
    },
    {
        "id": 68525958,
        "price": "0.00383400",
        "qty": "0.07000000",
        "quoteQty": "0.00026838",
        "time": 1629626604654,
        "isBuyerMaker": false,
        "isBestMatch": true
    },
    {
        "id": 68525959,
        "price": "0.00383500",
        "qty": "0.45000000",
        "quoteQty": "0.00172575",
        "time": 1629626604654,
        "isBuyerMaker": false,
        "isBestMatch": true
    },
    {
        "id": 68525960,
        "price": "0.00383300",
        "qty": "0.10000000",
        "quoteQty": "0.00038330",
        "time": 1629626608978,
        "isBuyerMaker": true,
        "isBestMatch": true
    },
    {
        "id": 68525961,
        "price": "0.00383500",
        "qty": "0.47000000",
        "quoteQty": "0.00180245",
        "time": 1629626619414,
        "isBuyerMaker": false,
        "isBestMatch": true
    },
    {
        "id": 68525962,
        "price": "0.00383500",
        "qty": "0.03000000",
        "quoteQty": "0.00011505",
        "time": 1629626625985,
        "isBuyerMaker": false,
        "isBestMatch": true
    },
    {
        "id": 68525963,
        "price": "0.00383400",
        "qty": "0.04000000",
        "quoteQty": "0.00015336",
        "time": 1629626629402,
        "isBuyerMaker": true,
        "isBestMatch": true
    },
    {
        "id": 68525964,
        "price": "0.00383400",
        "qty": "0.03000000",
        "quoteQty": "0.00011502",
        "time": 1629626629402,
        "isBuyerMaker": true,
        "isBestMatch": true
    },
    {
        "id": 68525965,
        "price": "0.00383400",
        "qty": "0.05000000",
        "quoteQty": "0.00019170",
        "time": 1629626629402,
        "isBuyerMaker": true,
        "isBestMatch": true
    },
    {
        "id": 68525966,
        "price": "0.00383300",
        "qty": "6.15000000",
        "quoteQty": "0.02357295",
        "time": 1629626631859,
        "isBuyerMaker": true,
        "isBestMatch": true
    },
    {
        "id": 68525967,
        "price": "0.00383300",
        "qty": "0.03000000",
        "quoteQty": "0.00011499",
        "time": 1629626631859,
        "isBuyerMaker": true,
        "isBestMatch": true
    },
    {
        "id": 68525968,
        "price": "0.00383300",
        "qty": "3.54000000",
        "quoteQty": "0.01356882",
        "time": 1629626631956,
        "isBuyerMaker": true,
        "isBestMatch": true
    },
    {
        "id": 68525969,
        "price": "0.00383300",
        "qty": "0.10000000",
        "quoteQty": "0.00038330",
        "time": 1629626636521,
        "isBuyerMaker": false,
        "isBestMatch": true
    },
    {
        "id": 68525970,
        "price": "0.00383300",
        "qty": "0.05000000",
        "quoteQty": "0.00019165",
        "time": 1629626636777,
        "isBuyerMaker": false,
        "isBestMatch": true
    },
    {
        "id": 68525971,
        "price": "0.00383200",
        "qty": "0.03000000",
        "quoteQty": "0.00011496",
        "time": 1629626637748,
        "isBuyerMaker": true,
        "isBestMatch": true
    },
    {
        "id": 68525972,
        "price": "0.00383200",
        "qty": "0.08000000",
        "quoteQty": "0.00030656",
        "time": 1629626637748,
        "isBuyerMaker": true,
        "isBestMatch": true
    },
    {
        "id": 68525973,
        "price": "0.00383300",
        "qty": "0.45000000",
        "quoteQty": "0.00172485",
        "time": 1629626646528,
        "isBuyerMaker": false,
        "isBestMatch": true
    },
    {
        "id": 68525974,
        "price": "0.00383300",
        "qty": "0.17000000",
        "quoteQty": "0.00065161",
        "time": 1629626651932,
        "isBuyerMaker": false,
        "isBestMatch": true
    },
    {
        "id": 68525975,
        "price": "0.00383300",
        "qty": "0.03000000",
        "quoteQty": "0.00011499",
        "time": 1629626658847,
        "isBuyerMaker": false,
        "isBestMatch": true
    },
    {
        "id": 68525976,
        "price": "0.00383100",
        "qty": "0.08000000",
        "quoteQty": "0.00030648",
        "time": 1629626659349,
        "isBuyerMaker": true,
        "isBestMatch": true
    },
    {
        "id": 68525977,
        "price": "0.00383300",
        "qty": "0.10000000",
        "quoteQty": "0.00038330",
        "time": 1629626674184,
        "isBuyerMaker": false,
        "isBestMatch": true
    },
    {
        "id": 68525978,
        "price": "0.00383200",
        "qty": "1.81000000",
        "quoteQty": "0.00693592",
        "time": 1629626683403,
        "isBuyerMaker": true,
        "isBestMatch": true
    },
    {
        "id": 68525979,
        "price": "0.00383200",
        "qty": "4.35000000",
        "quoteQty": "0.01666920",
        "time": 1629626683447,
        "isBuyerMaker": true,
        "isBestMatch": true
    },
    {
        "id": 68525980,
        "price": "0.00383200",
        "qty": "3.31000000",
        "quoteQty": "0.01268392",
        "time": 1629626683947,
        "isBuyerMaker": true,
        "isBestMatch": true
    },
    {
        "id": 68525981,
        "price": "0.00383300",
        "qty": "0.18000000",
        "quoteQty": "0.00068994",
        "time": 1629626685053,
        "isBuyerMaker": false,
        "isBestMatch": true
    },
    {
        "id": 68525982,
        "price": "0.00383200",
        "qty": "0.27000000",
        "quoteQty": "0.00103464",
        "time": 1629626686901,
        "isBuyerMaker": true,
        "isBestMatch": true
    },
    {
        "id": 68525983,
        "price": "0.00383100",
        "qty": "1.15000000",
        "quoteQty": "0.00440565",
        "time": 1629626693050,
        "isBuyerMaker": true,
        "isBestMatch": true
    },
    {
        "id": 68525984,
        "price": "0.00383200",
        "qty": "14.00000000",
        "quoteQty": "0.05364800",
        "time": 1629626693290,
        "isBuyerMaker": false,
        "isBestMatch": true
    },
    {
        "id": 68525985,
        "price": "0.00383200",
        "qty": "15.92000000",
        "quoteQty": "0.06100544",
        "time": 1629626693290,
        "isBuyerMaker": false,
        "isBestMatch": true
    },
    {
        "id": 68525986,
        "price": "0.00383300",
        "qty": "0.04000000",
        "quoteQty": "0.00015332",
        "time": 1629626699811,
        "isBuyerMaker": false,
        "isBestMatch": true
    },
    {
        "id": 68525987,
        "price": "0.00383300",
        "qty": "0.62000000",
        "quoteQty": "0.00237646",
        "time": 1629626702951,
        "isBuyerMaker": false,
        "isBestMatch": true
    },
    {
        "id": 68525988,
        "price": "0.00383300",
        "qty": "0.34000000",
        "quoteQty": "0.00130322",
        "time": 1629626702951,
        "isBuyerMaker": false,
        "isBestMatch": true
    },
    {
        "id": 68525989,
        "price": "0.00383300",
        "qty": "0.18000000",
        "quoteQty": "0.00068994",
        "time": 1629626703513,
        "isBuyerMaker": false,
        "isBestMatch": true
    },
    {
        "id": 68525990,
        "price": "0.00383100",
        "qty": "1.95000000",
        "quoteQty": "0.00747045",
        "time": 1629626705058,
        "isBuyerMaker": true,
        "isBestMatch": true
    },
    {
        "id": 68525991,
        "price": "0.00383100",
        "qty": "0.03000000",
        "quoteQty": "0.00011493",
        "time": 1629626706630,
        "isBuyerMaker": true,
        "isBestMatch": true
    },
    {
        "id": 68525992,
        "price": "0.00383100",
        "qty": "0.10000000",
        "quoteQty": "0.00038310",
        "time": 1629626706630,
        "isBuyerMaker": true,
        "isBestMatch": true
    },
    {
        "id": 68525993,
        "price": "0.00383000",
        "qty": "0.39000000",
        "quoteQty": "0.00149370",
        "time": 1629626706630,
        "isBuyerMaker": true,
        "isBestMatch": true
    },
    {
        "id": 68525994,
        "price": "0.00383000",
        "qty": "6.90000000",
        "quoteQty": "0.02642700",
        "time": 1629626706878,
        "isBuyerMaker": true,
        "isBestMatch": true
    },
    {
        "id": 68525995,
        "price": "0.00383000",
        "qty": "4.46000000",
        "quoteQty": "0.01708180",
        "time": 1629626706878,
        "isBuyerMaker": true,
        "isBestMatch": true
    },
    {
        "id": 68525996,
        "price": "0.00383000",
        "qty": "14.00000000",
        "quoteQty": "0.05362000",
        "time": 1629626706878,
        "isBuyerMaker": true,
        "isBestMatch": true
    },
    {
        "id": 68525997,
        "price": "0.00382900",
        "qty": "4.15000000",
        "quoteQty": "0.01589035",
        "time": 1629626710048,
        "isBuyerMaker": true,
        "isBestMatch": true
    },
    {
        "id": 68525998,
        "price": "0.00382800",
        "qty": "0.28000000",
        "quoteQty": "0.00107184",
        "time": 1629626710048,
        "isBuyerMaker": true,
        "isBestMatch": true
    },
    {
        "id": 68525999,
        "price": "0.00382800",
        "qty": "8.81000000",
        "quoteQty": "0.03372468",
        "time": 1629626710048,
        "isBuyerMaker": true,
        "isBestMatch": true
    },
    {
        "id": 68526000,
        "price": "0.00382800",
        "qty": "2.40000000",
        "quoteQty": "0.00918720",
        "time": 1629626714100,
        "isBuyerMaker": true,
        "isBestMatch": true
    },
    {
        "id": 68526001,
        "price": "0.00382700",
        "qty": "0.68000000",
        "quoteQty": "0.00260236",
        "time": 1629626715038,
        "isBuyerMaker": false,
        "isBestMatch": true
    },
    {
        "id": 68526002,
        "price": "0.00382900",
        "qty": "0.08000000",
        "quoteQty": "0.00030632",
        "time": 1629626722142,
        "isBuyerMaker": false,
        "isBestMatch": true
    },
    {
        "id": 68526003,
        "price": "0.00382900",
        "qty": "0.17000000",
        "quoteQty": "0.00065093",
        "time": 1629626723846,
        "isBuyerMaker": false,
        "isBestMatch": true
    },
    {
        "id": 68526004,
        "price": "0.00382900",
        "qty": "0.35000000",
        "quoteQty": "0.00134015",
        "time": 1629626724214,
        "isBuyerMaker": false,
        "isBestMatch": true
    },
    {
        "id": 68526005,
        "price": "0.00382800",
        "qty": "1.62000000",
        "quoteQty": "0.00620136",
        "time": 1629626728899,
        "isBuyerMaker": true,
        "isBestMatch": true
    },
    {
        "id": 68526006,
        "price": "0.00382800",
        "qty": "2.92000000",
        "quoteQty": "0.01117776",
        "time": 1629626729095,
        "isBuyerMaker": true,
        "isBestMatch": true
    },
    {
        "id": 68526007,
        "price": "0.00382800",
        "qty": "1.62000000",
        "quoteQty": "0.00620136",
        "time": 1629626729204,
        "isBuyerMaker": true,
        "isBestMatch": true
    },
    {
        "id": 68526008,
        "price": "0.00382800",
        "qty": "2.64000000",
        "quoteQty": "0.01010592",
        "time": 1629626729279,
        "isBuyerMaker": true,
        "isBestMatch": true
    },
    {
        "id": 68526009,
        "price": "0.00382700",
        "qty": "3.03000000",
        "quoteQty": "0.01159581",
        "time": 1629626735103,
        "isBuyerMaker": true,
        "isBestMatch": true
    },
    {
        "id": 68526010,
        "price": "0.00382700",
        "qty": "1.14000000",
        "quoteQty": "0.00436278",
        "time": 1629626735152,
        "isBuyerMaker": true,
        "isBestMatch": true
    },
    {
        "id": 68526011,
        "price": "0.00382600",
        "qty": "1.82000000",
        "quoteQty": "0.00696332",
        "time": 1629626738562,
        "isBuyerMaker": true,
        "isBestMatch": true
    },
    {
        "id": 68526012,
        "price": "0.00382600",
        "qty": "1.82000000",
        "quoteQty": "0.00696332",
        "time": 1629626740087,
        "isBuyerMaker": false,
        "isBestMatch": true
    },
    {
        "id": 68526013,
        "price": "0.00382700",
        "qty": "0.10000000",
        "quoteQty": "0.00038270",
        "time": 1629626752949,
        "isBuyerMaker": false,
        "isBestMatch": true
    },
    {
        "id": 68526014,
        "price": "0.00382700",
        "qty": "0.10000000",
        "quoteQty": "0.00038270",
        "time": 1629626755058,
        "isBuyerMaker": false,
        "isBestMatch": true
    },
    {
        "id": 68526015,
        "price": "0.00382700",
        "qty": "0.23000000",
        "quoteQty": "0.00088021",
        "time": 1629626763784,
        "isBuyerMaker": false,
        "isBestMatch": true
    },
    {
        "id": 68526016,
        "price": "0.00382700",
        "qty": "1.51000000",
        "quoteQty": "0.00577877",
        "time": 1629626766877,
        "isBuyerMaker": false,
        "isBestMatch": true
    },
    {
        "id": 68526017,
        "price": "0.00382600",
        "qty": "3.95000000",
        "quoteQty": "0.01511270",
        "time": 1629626772924,
        "isBuyerMaker": true,
        "isBestMatch": true
    },
    {
        "id": 68526018,
        "price": "0.00382600",
        "qty": "0.03000000",
        "quoteQty": "0.00011478",
        "time": 1629626776732,
        "isBuyerMaker": true,
        "isBestMatch": true
    },
    {
        "id": 68526019,
        "price": "0.00382600",
        "qty": "0.01000000",
        "quoteQty": "0.00003826",
        "time": 1629626776732,
        "isBuyerMaker": true,
        "isBestMatch": true
    },
    {
        "id": 68526020,
        "price": "0.00382700",
        "qty": "0.17000000",
        "quoteQty": "0.00065059",
        "time": 1629626779875,
        "isBuyerMaker": false,
        "isBestMatch": true
    },
    {
        "id": 68526021,
        "price": "0.00382700",
        "qty": "0.38000000",
        "quoteQty": "0.00145426",
        "time": 1629626781040,
        "isBuyerMaker": false,
        "isBestMatch": true
    },
    {
        "id": 68526022,
        "price": "0.00382600",
        "qty": "0.07000000",
        "quoteQty": "0.00026782",
        "time": 1629626797408,
        "isBuyerMaker": true,
        "isBestMatch": true
    },
    {
        "id": 68526023,
        "price": "0.00382600",
        "qty": "0.01000000",
        "quoteQty": "0.00003826",
        "time": 1629626798965,
        "isBuyerMaker": true,
        "isBestMatch": true
    },
    {
        "id": 68526024,
        "price": "0.00382600",
        "qty": "0.03000000",
        "quoteQty": "0.00011478",
        "time": 1629626798965,
        "isBuyerMaker": true,
        "isBestMatch": true
    },
    {
        "id": 68526025,
        "price": "0.00382600",
        "qty": "0.10000000",
        "quoteQty": "0.00038260",
        "time": 1629626798965,
        "isBuyerMaker": true,
        "isBestMatch": true
    },
    {
        "id": 68526026,
        "price": "0.00382600",
        "qty": "0.08000000",
        "quoteQty": "0.00030608",
        "time": 1629626798965,
        "isBuyerMaker": true,
        "isBestMatch": true
    },
    {
        "id": 68526027,
        "price": "0.00382700",
        "qty": "0.05000000",
        "quoteQty": "0.00019135",
        "time": 1629626807899,
        "isBuyerMaker": false,
        "isBestMatch": true
    },
    {
        "id": 68526028,
        "price": "0.00382600",
        "qty": "0.01000000",
        "quoteQty": "0.00003826",
        "time": 1629626820188,
        "isBuyerMaker": true,
        "isBestMatch": true
    },
    {
        "id": 68526029,
        "price": "0.00382600",
        "qty": "0.03000000",
        "quoteQty": "0.00011478",
        "time": 1629626820188,
        "isBuyerMaker": true,
        "isBestMatch": true
    },
    {
        "id": 68526030,
        "price": "0.00382600",
        "qty": "0.03000000",
        "quoteQty": "0.00011478",
        "time": 1629626820188,
        "isBuyerMaker": true,
        "isBestMatch": true
    },
    {
        "id": 68526031,
        "price": "0.00382600",
        "qty": "0.05000000",
        "quoteQty": "0.00019130",
        "time": 1629626820188,
        "isBuyerMaker": true,
        "isBestMatch": true
    },
    {
        "id": 68526032,
        "price": "0.00382600",
        "qty": "0.12000000",
        "quoteQty": "0.00045912",
        "time": 1629626820188,
        "isBuyerMaker": true,
        "isBestMatch": true
    },
    {
        "id": 68526033,
        "price": "0.00382600",
        "qty": "0.04000000",
        "quoteQty": "0.00015304",
        "time": 1629626820188,
        "isBuyerMaker": true,
        "isBestMatch": true
    },
    {
        "id": 68526034,
        "price": "0.00382600",
        "qty": "0.38000000",
        "quoteQty": "0.00145388",
        "time": 1629626824362,
        "isBuyerMaker": true,
        "isBestMatch": true
    },
    {
        "id": 68526035,
        "price": "0.00382600",
        "qty": "5.25000000",
        "quoteQty": "0.02008650",
        "time": 1629626824362,
        "isBuyerMaker": true,
        "isBestMatch": true
    },
    {
        "id": 68526036,
        "price": "0.00382600",
        "qty": "0.28000000",
        "quoteQty": "0.00107128",
        "time": 1629626840568,
        "isBuyerMaker": true,
        "isBestMatch": true
    },
    {
        "id": 68526037,
        "price": "0.00382600",
        "qty": "0.64000000",
        "quoteQty": "0.00244864",
        "time": 1629626843485,
        "isBuyerMaker": true,
        "isBestMatch": true
    },
    {
        "id": 68526038,
        "price": "0.00382600",
        "qty": "0.12000000",
        "quoteQty": "0.00045912",
        "time": 1629626843485,
        "isBuyerMaker": true,
        "isBestMatch": true
    },
    {
        "id": 68526039,
        "price": "0.00382700",
        "qty": "0.33000000",
        "quoteQty": "0.00126291",
        "time": 1629626846233,
        "isBuyerMaker": false,
        "isBestMatch": true
    },
    {
        "id": 68526040,
        "price": "0.00382800",
        "qty": "0.86000000",
        "quoteQty": "0.00329208",
        "time": 1629626846233,
        "isBuyerMaker": false,
        "isBestMatch": true
    },
    {
        "id": 68526041,
        "price": "0.00382800",
        "qty": "0.06000000",
        "quoteQty": "0.00022968",
        "time": 1629626852762,
        "isBuyerMaker": false,
        "isBestMatch": true
    },
    {
        "id": 68526042,
        "price": "0.00382600",
        "qty": "0.04000000",
        "quoteQty": "0.00015304",
        "time": 1629626880400,
        "isBuyerMaker": true,
        "isBestMatch": true
    },
    {
        "id": 68526043,
        "price": "0.00382600",
        "qty": "0.17000000",
        "quoteQty": "0.00065042",
        "time": 1629626880400,
        "isBuyerMaker": true,
        "isBestMatch": true
    },
    {
        "id": 68526044,
        "price": "0.00382600",
        "qty": "0.06000000",
        "quoteQty": "0.00022956",
        "time": 1629626880400,
        "isBuyerMaker": true,
        "isBestMatch": true
    },
    {
        "id": 68526045,
        "price": "0.00382600",
        "qty": "0.11000000",
        "quoteQty": "0.00042086",
        "time": 1629626880400,
        "isBuyerMaker": true,
        "isBestMatch": true
    },
    {
        "id": 68526046,
        "price": "0.00382600",
        "qty": "2.69000000",
        "quoteQty": "0.01029194",
        "time": 1629626880400,
        "isBuyerMaker": true,
        "isBestMatch": true
    },
    {
        "id": 68526047,
        "price": "0.00382600",
        "qty": "3.93000000",
        "quoteQty": "0.01503618",
        "time": 1629626880400,
        "isBuyerMaker": true,
        "isBestMatch": true
    },
    {
        "id": 68526048,
        "price": "0.00382600",
        "qty": "2.24000000",
        "quoteQty": "0.00857024",
        "time": 1629626882682,
        "isBuyerMaker": true,
        "isBestMatch": true
    },
    {
        "id": 68526049,
        "price": "0.00382600",
        "qty": "0.05000000",
        "quoteQty": "0.00019130",
        "time": 1629626882682,
        "isBuyerMaker": true,
        "isBestMatch": true
    },
    {
        "id": 68526050,
        "price": "0.00382600",
        "qty": "0.13000000",
        "quoteQty": "0.00049738",
        "time": 1629626882682,
        "isBuyerMaker": true,
        "isBestMatch": true
    },
    {
        "id": 68526051,
        "price": "0.00382600",
        "qty": "0.08000000",
        "quoteQty": "0.00030608",
        "time": 1629626882682,
        "isBuyerMaker": true,
        "isBestMatch": true
    },
    {
        "id": 68526052,
        "price": "0.00382600",
        "qty": "0.12000000",
        "quoteQty": "0.00045912",
        "time": 1629626882682,
        "isBuyerMaker": true,
        "isBestMatch": true
    },
    {
        "id": 68526053,
        "price": "0.00382600",
        "qty": "2.35000000",
        "quoteQty": "0.00899110",
        "time": 1629626882682,
        "isBuyerMaker": true,
        "isBestMatch": true
    },
    {
        "id": 68526054,
        "price": "0.00382700",
        "qty": "0.20000000",
        "quoteQty": "0.00076540",
        "time": 1629626885178,
        "isBuyerMaker": false,
        "isBestMatch": true
    },
    {
        "id": 68526055,
        "price": "0.00382600",
        "qty": "0.64000000",
        "quoteQty": "0.00244864",
        "time": 1629626887407,
        "isBuyerMaker": true,
        "isBestMatch": true
    },
    {
        "id": 68526056,
        "price": "0.00382400",
        "qty": "0.05000000",
        "quoteQty": "0.00019120",
        "time": 1629626894178,
        "isBuyerMaker": true,
        "isBestMatch": true
    },
    {
        "id": 68526057,
        "price": "0.00382400",
        "qty": "0.04000000",
        "quoteQty": "0.00015296",
        "time": 1629626894178,
        "isBuyerMaker": true,
        "isBestMatch": true
    },
    {
        "id": 68526058,
        "price": "0.00382400",
        "qty": "0.05000000",
        "quoteQty": "0.00019120",
        "time": 1629626894178,
        "isBuyerMaker": true,
        "isBestMatch": true
    },
    {
        "id": 68526059,
        "price": "0.00382600",
        "qty": "0.04000000",
        "quoteQty": "0.00015304",
        "time": 1629626895432,
        "isBuyerMaker": false,
        "isBestMatch": true
    },
    {
        "id": 68526060,
        "price": "0.00382800",
        "qty": "0.05000000",
        "quoteQty": "0.00019140",
        "time": 1629626900049,
        "isBuyerMaker": false,
        "isBestMatch": true
    },
    {
        "id": 68526061,
        "price": "0.00382600",
        "qty": "0.32000000",
        "quoteQty": "0.00122432",
        "time": 1629626929589,
        "isBuyerMaker": true,
        "isBestMatch": true
    },
    {
        "id": 68526062,
        "price": "0.00382700",
        "qty": "0.20000000",
        "quoteQty": "0.00076540",
        "time": 1629626933591,
        "isBuyerMaker": false,
        "isBestMatch": true
    },
    {
        "id": 68526063,
        "price": "0.00382700",
        "qty": "0.06000000",
        "quoteQty": "0.00022962",
        "time": 1629626936447,
        "isBuyerMaker": false,
        "isBestMatch": true
    },
    {
        "id": 68526064,
        "price": "0.00382600",
        "qty": "5.85000000",
        "quoteQty": "0.02238210",
        "time": 1629626945101,
        "isBuyerMaker": true,
        "isBestMatch": true
    },
    {
        "id": 68526065,
        "price": "0.00382600",
        "qty": "0.08000000",
        "quoteQty": "0.00030608",
        "time": 1629626945101,
        "isBuyerMaker": true,
        "isBestMatch": true
    },
    {
        "id": 68526066,
        "price": "0.00382600",
        "qty": "0.13000000",
        "quoteQty": "0.00049738",
        "time": 1629626945101,
        "isBuyerMaker": true,
        "isBestMatch": true
    },
    {
        "id": 68526067,
        "price": "0.00382600",
        "qty": "3.33000000",
        "quoteQty": "0.01274058",
        "time": 1629626945151,
        "isBuyerMaker": true,
        "isBestMatch": true
    },
    {
        "id": 68526068,
        "price": "0.00382700",
        "qty": "0.03000000",
        "quoteQty": "0.00011481",
        "time": 1629626959647,
        "isBuyerMaker": false,
        "isBestMatch": true
    },
    {
        "id": 68526069,
        "price": "0.00382700",
        "qty": "0.03000000",
        "quoteQty": "0.00011481",
        "time": 1629626959647,
        "isBuyerMaker": false,
        "isBestMatch": true
    },
    {
        "id": 68526070,
        "price": "0.00382700",
        "qty": "0.06000000",
        "quoteQty": "0.00022962",
        "time": 1629626959647,
        "isBuyerMaker": false,
        "isBestMatch": true
    },
    {
        "id": 68526071,
        "price": "0.00382700",
        "qty": "1.00000000",
        "quoteQty": "0.00382700",
        "time": 1629626973848,
        "isBuyerMaker": true,
        "isBestMatch": true
    },
    {
        "id": 68526072,
        "price": "0.00382700",
        "qty": "0.35000000",
        "quoteQty": "0.00133945",
        "time": 1629626979231,
        "isBuyerMaker": true,
        "isBestMatch": true
    },
    {
        "id": 68526073,
        "price": "0.00382800",
        "qty": "0.04000000",
        "quoteQty": "0.00015312",
        "time": 1629626980915,
        "isBuyerMaker": false,
        "isBestMatch": true
    },
    {
        "id": 68526074,
        "price": "0.00382800",
        "qty": "0.07000000",
        "quoteQty": "0.00026796",
        "time": 1629626980915,
        "isBuyerMaker": false,
        "isBestMatch": true
    },
    {
        "id": 68526075,
        "price": "0.00382800",
        "qty": "0.01000000",
        "quoteQty": "0.00003828",
        "time": 1629626980915,
        "isBuyerMaker": false,
        "isBestMatch": true
    },
    {
        "id": 68526076,
        "price": "0.00382800",
        "qty": "0.02000000",
        "quoteQty": "0.00007656",
        "time": 1629626991450,
        "isBuyerMaker": false,
        "isBestMatch": true
    },
    {
        "id": 68526077,
        "price": "0.00382800",
        "qty": "0.05000000",
        "quoteQty": "0.00019140",
        "time": 1629626991450,
        "isBuyerMaker": false,
        "isBestMatch": true
    },
    {
        "id": 68526078,
        "price": "0.00383000",
        "qty": "0.51000000",
        "quoteQty": "0.00195330",
        "time": 1629626998021,
        "isBuyerMaker": false,
        "isBestMatch": true
    },
    {
        "id": 68526079,
        "price": "0.00383000",
        "qty": "0.04000000",
        "quoteQty": "0.00015320",
        "time": 1629626998968,
        "isBuyerMaker": false,
        "isBestMatch": true
    },
    {
        "id": 68526080,
        "price": "0.00383000",
        "qty": "0.37000000",
        "quoteQty": "0.00141710",
        "time": 1629627001768,
        "isBuyerMaker": false,
        "isBestMatch": true
    },
    {
        "id": 68526081,
        "price": "0.00382900",
        "qty": "1.83000000",
        "quoteQty": "0.00700707",
        "time": 1629627004040,
        "isBuyerMaker": true,
        "isBestMatch": true
    },
    {
        "id": 68526082,
        "price": "0.00382900",
        "qty": "0.22000000",
        "quoteQty": "0.00084238",
        "time": 1629627010498,
        "isBuyerMaker": true,
        "isBestMatch": true
    },
    {
        "id": 68526083,
        "price": "0.00382900",
        "qty": "0.09000000",
        "quoteQty": "0.00034461",
        "time": 1629627011936,
        "isBuyerMaker": true,
        "isBestMatch": true
    },
    {
        "id": 68526084,
        "price": "0.00382900",
        "qty": "0.36000000",
        "quoteQty": "0.00137844",
        "time": 1629627015438,
        "isBuyerMaker": true,
        "isBestMatch": true
    },
    {
        "id": 68526085,
        "price": "0.00382900",
        "qty": "2.61000000",
        "quoteQty": "0.00999369",
        "time": 1629627017896,
        "isBuyerMaker": true,
        "isBestMatch": true
    },
    {
        "id": 68526086,
        "price": "0.00383000",
        "qty": "0.06000000",
        "quoteQty": "0.00022980",
        "time": 1629627023463,
        "isBuyerMaker": false,
        "isBestMatch": true
    },
    {
        "id": 68526087,
        "price": "0.00383000",
        "qty": "0.09000000",
        "quoteQty": "0.00034470",
        "time": 1629627023463,
        "isBuyerMaker": false,
        "isBestMatch": true
    },
    {
        "id": 68526088,
        "price": "0.00383000",
        "qty": "0.80000000",
        "quoteQty": "0.00306400",
        "time": 1629627024289,
        "isBuyerMaker": false,
        "isBestMatch": true
    },
    {
        "id": 68526089,
        "price": "0.00382900",
        "qty": "1.05000000",
        "quoteQty": "0.00402045",
        "time": 1629627026301,
        "isBuyerMaker": true,
        "isBestMatch": true
    },
    {
        "id": 68526090,
        "price": "0.00382900",
        "qty": "5.95000000",
        "quoteQty": "0.02278255",
        "time": 1629627026301,
        "isBuyerMaker": true,
        "isBestMatch": true
    },
    {
        "id": 68526091,
        "price": "0.00382900",
        "qty": "0.21000000",
        "quoteQty": "0.00080409",
        "time": 1629627026340,
        "isBuyerMaker": true,
        "isBestMatch": true
    },
    {
        "id": 68526092,
        "price": "0.00382900",
        "qty": "2.31000000",
        "quoteQty": "0.00884499",
        "time": 1629627026340,
        "isBuyerMaker": true,
        "isBestMatch": true
    },
    {
        "id": 68526093,
        "price": "0.00382900",
        "qty": "2.52000000",
        "quoteQty": "0.00964908",
        "time": 1629627026354,
        "isBuyerMaker": true,
        "isBestMatch": true
    },
    {
        "id": 68526094,
        "price": "0.00382900",
        "qty": "2.29000000",
        "quoteQty": "0.00876841",
        "time": 1629627026401,
        "isBuyerMaker": true,
        "isBestMatch": true
    },
    {
        "id": 68526095,
        "price": "0.00382800",
        "qty": "3.06000000",
        "quoteQty": "0.01171368",
        "time": 1629627037435,
        "isBuyerMaker": true,
        "isBestMatch": true
    },
    {
        "id": 68526096,
        "price": "0.00383000",
        "qty": "0.09000000",
        "quoteQty": "0.00034470",
        "time": 1629627038760,
        "isBuyerMaker": false,
        "isBestMatch": true
    },
    {
        "id": 68526097,
        "price": "0.00382800",
        "qty": "1.01000000",
        "quoteQty": "0.00386628",
        "time": 1629627042912,
        "isBuyerMaker": true,
        "isBestMatch": true
    },
    {
        "id": 68526098,
        "price": "0.00383000",
        "qty": "0.07000000",
        "quoteQty": "0.00026810",
        "time": 1629627045220,
        "isBuyerMaker": false,
        "isBestMatch": true
    },
    {
        "id": 68526099,
        "price": "0.00382900",
        "qty": "1.09000000",
        "quoteQty": "0.00417361",
        "time": 1629627055199,
        "isBuyerMaker": true,
        "isBestMatch": true
    },
    {
        "id": 68526100,
        "price": "0.00382900",
        "qty": "22.91000000",
        "quoteQty": "0.08772239",
        "time": 1629627055505,
        "isBuyerMaker": true,
        "isBestMatch": true
    },
    {
        "id": 68526101,
        "price": "0.00383000",
        "qty": "0.01000000",
        "quoteQty": "0.00003830",
        "time": 1629627055954,
        "isBuyerMaker": false,
        "isBestMatch": true
    },
    {
        "id": 68526102,
        "price": "0.00383000",
        "qty": "0.54000000",
        "quoteQty": "0.00206820",
        "time": 1629627055954,
        "isBuyerMaker": false,
        "isBestMatch": true
    },
    {
        "id": 68526103,
        "price": "0.00383000",
        "qty": "0.18000000",
        "quoteQty": "0.00068940",
        "time": 1629627060960,
        "isBuyerMaker": false,
        "isBestMatch": true
    },
    {
        "id": 68526104,
        "price": "0.00382900",
        "qty": "0.37000000",
        "quoteQty": "0.00141673",
        "time": 1629627062149,
        "isBuyerMaker": true,
        "isBestMatch": true
    },
    {
        "id": 68526105,
        "price": "0.00382600",
        "qty": "0.50000000",
        "quoteQty": "0.00191300",
        "time": 1629627072848,
        "isBuyerMaker": true,
        "isBestMatch": true
    },
    {
        "id": 68526106,
        "price": "0.00382800",
        "qty": "0.04000000",
        "quoteQty": "0.00015312",
        "time": 1629627083581,
        "isBuyerMaker": false,
        "isBestMatch": true
    },
    {
        "id": 68526107,
        "price": "0.00382700",
        "qty": "6.16000000",
        "quoteQty": "0.02357432",
        "time": 1629627087532,
        "isBuyerMaker": true,
        "isBestMatch": true
    },
    {
        "id": 68526108,
        "price": "0.00382700",
        "qty": "5.05000000",
        "quoteQty": "0.01932635",
        "time": 1629627087568,
        "isBuyerMaker": true,
        "isBestMatch": true
    },
    {
        "id": 68526109,
        "price": "0.00382600",
        "qty": "1.03000000",
        "quoteQty": "0.00394078",
        "time": 1629627087875,
        "isBuyerMaker": true,
        "isBestMatch": true
    },
    {
        "id": 68526110,
        "price": "0.00382700",
        "qty": "0.04000000",
        "quoteQty": "0.00015308",
        "time": 1629627101857,
        "isBuyerMaker": false,
        "isBestMatch": true
    },
    {
        "id": 68526111,
        "price": "0.00382600",
        "qty": "12.47000000",
        "quoteQty": "0.04771022",
        "time": 1629627110711,
        "isBuyerMaker": true,
        "isBestMatch": true
    },
    {
        "id": 68526112,
        "price": "0.00382600",
        "qty": "4.91000000",
        "quoteQty": "0.01878566",
        "time": 1629627110711,
        "isBuyerMaker": true,
        "isBestMatch": true
    },
    {
        "id": 68526113,
        "price": "0.00382600",
        "qty": "2.14000000",
        "quoteQty": "0.00818764",
        "time": 1629627110711,
        "isBuyerMaker": true,
        "isBestMatch": true
    },
    {
        "id": 68526114,
        "price": "0.00382700",
        "qty": "0.04000000",
        "quoteQty": "0.00015308",
        "time": 1629627115845,
        "isBuyerMaker": false,
        "isBestMatch": true
    },
    {
        "id": 68526115,
        "price": "0.00382800",
        "qty": "0.18000000",
        "quoteQty": "0.00068904",
        "time": 1629627115845,
        "isBuyerMaker": false,
        "isBestMatch": true
    },
    {
        "id": 68526116,
        "price": "0.00382600",
        "qty": "1.68000000",
        "quoteQty": "0.00642768",
        "time": 1629627116549,
        "isBuyerMaker": true,
        "isBestMatch": true
    },
    {
        "id": 68526117,
        "price": "0.00382800",
        "qty": "0.10000000",
        "quoteQty": "0.00038280",
        "time": 1629627120077,
        "isBuyerMaker": false,
        "isBestMatch": true
    },
    {
        "id": 68526118,
        "price": "0.00382800",
        "qty": "0.11000000",
        "quoteQty": "0.00042108",
        "time": 1629627153753,
        "isBuyerMaker": false,
        "isBestMatch": true
    },
    {
        "id": 68526119,
        "price": "0.00382900",
        "qty": "2.18000000",
        "quoteQty": "0.00834722",
        "time": 1629627164391,
        "isBuyerMaker": false,
        "isBestMatch": true
    },
    {
        "id": 68526120,
        "price": "0.00382700",
        "qty": "0.37000000",
        "quoteQty": "0.00141599",
        "time": 1629627166819,
        "isBuyerMaker": true,
        "isBestMatch": true
    },
    {
        "id": 68526121,
        "price": "0.00382900",
        "qty": "0.10000000",
        "quoteQty": "0.00038290",
        "time": 1629627174789,
        "isBuyerMaker": false,
        "isBestMatch": true
    },
    {
        "id": 68526122,
        "price": "0.00382800",
        "qty": "1.72000000",
        "quoteQty": "0.00658416",
        "time": 1629627181000,
        "isBuyerMaker": false,
        "isBestMatch": true
    },
    {
        "id": 68526123,
        "price": "0.00382800",
        "qty": "0.12000000",
        "quoteQty": "0.00045936",
        "time": 1629627190883,
        "isBuyerMaker": true,
        "isBestMatch": true
    },
    {
        "id": 68526124,
        "price": "0.00382700",
        "qty": "5.80000000",
        "quoteQty": "0.02219660",
        "time": 1629627191245,
        "isBuyerMaker": true,
        "isBestMatch": true
    },
    {
        "id": 68526125,
        "price": "0.00382700",
        "qty": "0.27000000",
        "quoteQty": "0.00103329",
        "time": 1629627191245,
        "isBuyerMaker": true,
        "isBestMatch": true
    },
    {
        "id": 68526126,
        "price": "0.00382700",
        "qty": "1.43000000",
        "quoteQty": "0.00547261",
        "time": 1629627191245,
        "isBuyerMaker": true,
        "isBestMatch": true
    },
    {
        "id": 68526127,
        "price": "0.00382700",
        "qty": "3.58000000",
        "quoteQty": "0.01370066",
        "time": 1629627191245,
        "isBuyerMaker": true,
        "isBestMatch": true
    },
    {
        "id": 68526128,
        "price": "0.00382700",
        "qty": "1.52000000",
        "quoteQty": "0.00581704",
        "time": 1629627191988,
        "isBuyerMaker": true,
        "isBestMatch": true
    },
    {
        "id": 68526129,
        "price": "0.00382400",
        "qty": "0.27000000",
        "quoteQty": "0.00103248",
        "time": 1629627199423,
        "isBuyerMaker": true,
        "isBestMatch": true
    },
    {
        "id": 68526130,
        "price": "0.00382600",
        "qty": "1.00000000",
        "quoteQty": "0.00382600",
        "time": 1629627200547,
        "isBuyerMaker": false,
        "isBestMatch": true
    },
    {
        "id": 68526131,
        "price": "0.00382600",
        "qty": "1.53000000",
        "quoteQty": "0.00585378",
        "time": 1629627200623,
        "isBuyerMaker": false,
        "isBestMatch": true
    },
    {
        "id": 68526132,
        "price": "0.00382500",
        "qty": "6.16000000",
        "quoteQty": "0.02356200",
        "time": 1629627206301,
        "isBuyerMaker": true,
        "isBestMatch": true
    },
    {
        "id": 68526133,
        "price": "0.00382600",
        "qty": "0.03000000",
        "quoteQty": "0.00011478",
        "time": 1629627207105,
        "isBuyerMaker": false,
        "isBestMatch": true
    },
    {
        "id": 68526134,
        "price": "0.00382500",
        "qty": "0.07000000",
        "quoteQty": "0.00026775",
        "time": 1629627207271,
        "isBuyerMaker": true,
        "isBestMatch": true
    },
    {
        "id": 68526135,
        "price": "0.00382500",
        "qty": "0.99000000",
        "quoteQty": "0.00378675",
        "time": 1629627208031,
        "isBuyerMaker": true,
        "isBestMatch": true
    },
    {
        "id": 68526136,
        "price": "0.00382600",
        "qty": "0.85000000",
        "quoteQty": "0.00325210",
        "time": 1629627214836,
        "isBuyerMaker": false,
        "isBestMatch": true
    },
    {
        "id": 68526137,
        "price": "0.00382500",
        "qty": "3.62000000",
        "quoteQty": "0.01384650",
        "time": 1629627215842,
        "isBuyerMaker": true,
        "isBestMatch": true
    },
    {
        "id": 68526138,
        "price": "0.00382500",
        "qty": "0.14000000",
        "quoteQty": "0.00053550",
        "time": 1629627215842,
        "isBuyerMaker": true,
        "isBestMatch": true
    },
    {
        "id": 68526139,
        "price": "0.00382600",
        "qty": "5.49000000",
        "quoteQty": "0.02100474",
        "time": 1629627222183,
        "isBuyerMaker": false,
        "isBestMatch": true
    },
    {
        "id": 68526140,
        "price": "0.00382500",
        "qty": "0.76000000",
        "quoteQty": "0.00290700",
        "time": 1629627227007,
        "isBuyerMaker": true,
        "isBestMatch": true
    },
    {
        "id": 68526141,
        "price": "0.00382500",
        "qty": "0.09000000",
        "quoteQty": "0.00034425",
        "time": 1629627232314,
        "isBuyerMaker": true,
        "isBestMatch": true
    },
    {
        "id": 68526142,
        "price": "0.00382700",
        "qty": "0.06000000",
        "quoteQty": "0.00022962",
        "time": 1629627233831,
        "isBuyerMaker": false,
        "isBestMatch": true
    },
    {
        "id": 68526143,
        "price": "0.00382400",
        "qty": "0.25000000",
        "quoteQty": "0.00095600",
        "time": 1629627234425,
        "isBuyerMaker": true,
        "isBestMatch": true
    },
    {
        "id": 68526144,
        "price": "0.00382600",
        "qty": "5.95000000",
        "quoteQty": "0.02276470",
        "time": 1629627239092,
        "isBuyerMaker": false,
        "isBestMatch": true
    },
    {
        "id": 68526145,
        "price": "0.00382700",
        "qty": "0.19000000",
        "quoteQty": "0.00072713",
        "time": 1629627239226,
        "isBuyerMaker": false,
        "isBestMatch": true
    },
    {
        "id": 68526146,
        "price": "0.00382700",
        "qty": "0.10000000",
        "quoteQty": "0.00038270",
        "time": 1629627240056,
        "isBuyerMaker": false,
        "isBestMatch": true
    },
    {
        "id": 68526147,
        "price": "0.00382700",
        "qty": "0.55000000",
        "quoteQty": "0.00210485",
        "time": 1629627245357,
        "isBuyerMaker": false,
        "isBestMatch": true
    },
    {
        "id": 68526148,
        "price": "0.00382700",
        "qty": "6.39000000",
        "quoteQty": "0.02445453",
        "time": 1629627245392,
        "isBuyerMaker": false,
        "isBestMatch": true
    },
    {
        "id": 68526149,
        "price": "0.00382700",
        "qty": "0.06000000",
        "quoteQty": "0.00022962",
        "time": 1629627245912,
        "isBuyerMaker": false,
        "isBestMatch": true
    },
    {
        "id": 68526150,
        "price": "0.00382700",
        "qty": "0.49000000",
        "quoteQty": "0.00187523",
        "time": 1629627248050,
        "isBuyerMaker": false,
        "isBestMatch": true
    },
    {
        "id": 68526151,
        "price": "0.00382800",
        "qty": "0.07000000",
        "quoteQty": "0.00026796",
        "time": 1629627248050,
        "isBuyerMaker": false,
        "isBestMatch": true
    },
    {
        "id": 68526152,
        "price": "0.00382700",
        "qty": "0.05000000",
        "quoteQty": "0.00019135",
        "time": 1629627258942,
        "isBuyerMaker": true,
        "isBestMatch": true
    },
    {
        "id": 68526153,
        "price": "0.00382900",
        "qty": "0.06000000",
        "quoteQty": "0.00022974",
        "time": 1629627260595,
        "isBuyerMaker": false,
        "isBestMatch": true
    },
    {
        "id": 68526154,
        "price": "0.00382700",
        "qty": "1.09000000",
        "quoteQty": "0.00417143",
        "time": 1629627264080,
        "isBuyerMaker": false,
        "isBestMatch": true
    },
    {
        "id": 68526155,
        "price": "0.00382700",
        "qty": "1.64000000",
        "quoteQty": "0.00627628",
        "time": 1629627264603,
        "isBuyerMaker": true,
        "isBestMatch": true
    },
    {
        "id": 68526156,
        "price": "0.00382700",
        "qty": "1.89000000",
        "quoteQty": "0.00723303",
        "time": 1629627267599,
        "isBuyerMaker": true,
        "isBestMatch": true
    },
    {
        "id": 68526157,
        "price": "0.00382700",
        "qty": "2.62000000",
        "quoteQty": "0.01002674",
        "time": 1629627267655,
        "isBuyerMaker": true,
        "isBestMatch": true
    },
    {
        "id": 68526158,
        "price": "0.00382700",
        "qty": "4.77000000",
        "quoteQty": "0.01825479",
        "time": 1629627267703,
        "isBuyerMaker": true,
        "isBestMatch": true
    },
    {
        "id": 68526159,
        "price": "0.00382600",
        "qty": "0.55000000",
        "quoteQty": "0.00210430",
        "time": 1629627270980,
        "isBuyerMaker": false,
        "isBestMatch": true
    },
    {
        "id": 68526160,
        "price": "0.00382600",
        "qty": "0.10000000",
        "quoteQty": "0.00038260",
        "time": 1629627276732,
        "isBuyerMaker": false,
        "isBestMatch": true
    },
    {
        "id": 68526161,
        "price": "0.00382500",
        "qty": "0.03000000",
        "quoteQty": "0.00011475",
        "time": 1629627277538,
        "isBuyerMaker": false,
        "isBestMatch": true
    },
    {
        "id": 68526162,
        "price": "0.00382600",
        "qty": "0.10000000",
        "quoteQty": "0.00038260",
        "time": 1629627286086,
        "isBuyerMaker": false,
        "isBestMatch": true
    },
    {
        "id": 68526163,
        "price": "0.00382500",
        "qty": "4.99000000",
        "quoteQty": "0.01908675",
        "time": 1629627297163,
        "isBuyerMaker": true,
        "isBestMatch": true
    },
    {
        "id": 68526164,
        "price": "0.00382500",
        "qty": "0.20000000",
        "quoteQty": "0.00076500",
        "time": 1629627304604,
        "isBuyerMaker": false,
        "isBestMatch": true
    },
    {
        "id": 68526165,
        "price": "0.00382400",
        "qty": "2.79000000",
        "quoteQty": "0.01066896",
        "time": 1629627306008,
        "isBuyerMaker": true,
        "isBestMatch": true
    },
    {
        "id": 68526166,
        "price": "0.00382400",
        "qty": "0.54000000",
        "quoteQty": "0.00206496",
        "time": 1629627306172,
        "isBuyerMaker": false,
        "isBestMatch": true
    },
    {
        "id": 68526167,
        "price": "0.00382400",
        "qty": "1.52000000",
        "quoteQty": "0.00581248",
        "time": 1629627307433,
        "isBuyerMaker": false,
        "isBestMatch": true
    },
    {
        "id": 68526168,
        "price": "0.00382400",
        "qty": "5.97000000",
        "quoteQty": "0.02282928",
        "time": 1629627307792,
        "isBuyerMaker": false,
        "isBestMatch": true
    },
    {
        "id": 68526169,
        "price": "0.00382500",
        "qty": "50.00000000",
        "quoteQty": "0.19125000",
        "time": 1629627307792,
        "isBuyerMaker": false,
        "isBestMatch": true
    },
    {
        "id": 68526170,
        "price": "0.00382500",
        "qty": "0.82000000",
        "quoteQty": "0.00313650",
        "time": 1629627307792,
        "isBuyerMaker": false,
        "isBestMatch": true
    },
    {
        "id": 68526171,
        "price": "0.00382600",
        "qty": "1.15000000",
        "quoteQty": "0.00439990",
        "time": 1629627307792,
        "isBuyerMaker": false,
        "isBestMatch": true
    },
    {
        "id": 68526172,
        "price": "0.00382600",
        "qty": "14.00000000",
        "quoteQty": "0.05356400",
        "time": 1629627307792,
        "isBuyerMaker": false,
        "isBestMatch": true
    },
    {
        "id": 68526173,
        "price": "0.00382600",
        "qty": "3.37000000",
        "quoteQty": "0.01289362",
        "time": 1629627307792,
        "isBuyerMaker": false,
        "isBestMatch": true
    },
    {
        "id": 68526174,
        "price": "0.00382600",
        "qty": "5.55000000",
        "quoteQty": "0.02123430",
        "time": 1629627307792,
        "isBuyerMaker": false,
        "isBestMatch": true
    },
    {
        "id": 68526175,
        "price": "0.00382600",
        "qty": "49.72000000",
        "quoteQty": "0.19022872",
        "time": 1629627307792,
        "isBuyerMaker": false,
        "isBestMatch": true
    },
    {
        "id": 68526176,
        "price": "0.00382500",
        "qty": "0.03000000",
        "quoteQty": "0.00011475",
        "time": 1629627310073,
        "isBuyerMaker": false,
        "isBestMatch": true
    },
    {
        "id": 68526177,
        "price": "0.00382400",
        "qty": "1.07000000",
        "quoteQty": "0.00409168",
        "time": 1629627315521,
        "isBuyerMaker": false,
        "isBestMatch": true
    },
    {
        "id": 68526178,
        "price": "0.00382500",
        "qty": "5.00000000",
        "quoteQty": "0.01912500",
        "time": 1629627327781,
        "isBuyerMaker": true,
        "isBestMatch": true
    },
    {
        "id": 68526179,
        "price": "0.00382500",
        "qty": "0.03000000",
        "quoteQty": "0.00011475",
        "time": 1629627336085,
        "isBuyerMaker": true,
        "isBestMatch": true
    },
    {
        "id": 68526180,
        "price": "0.00382600",
        "qty": "0.04000000",
        "quoteQty": "0.00015304",
        "time": 1629627342983,
        "isBuyerMaker": false,
        "isBestMatch": true
    },
    {
        "id": 68526181,
        "price": "0.00382900",
        "qty": "1.35000000",
        "quoteQty": "0.00516915",
        "time": 1629627345957,
        "isBuyerMaker": false,
        "isBestMatch": true
    },
    {
        "id": 68526182,
        "price": "0.00382900",
        "qty": "0.49000000",
        "quoteQty": "0.00187621",
        "time": 1629627347549,
        "isBuyerMaker": false,
        "isBestMatch": true
    },
    {
        "id": 68526183,
        "price": "0.00382900",
        "qty": "0.16000000",
        "quoteQty": "0.00061264",
        "time": 1629627356696,
        "isBuyerMaker": true,
        "isBestMatch": true
    },
    {
        "id": 68526184,
        "price": "0.00383000",
        "qty": "0.10000000",
        "quoteQty": "0.00038300",
        "time": 1629627360051,
        "isBuyerMaker": false,
        "isBestMatch": true
    },
    {
        "id": 68526185,
        "price": "0.00383000",
        "qty": "0.05000000",
        "quoteQty": "0.00019150",
        "time": 1629627360497,
        "isBuyerMaker": false,
        "isBestMatch": true
    },
    {
        "id": 68526186,
        "price": "0.00383000",
        "qty": "3.12000000",
        "quoteQty": "0.01194960",
        "time": 1629627363638,
        "isBuyerMaker": false,
        "isBestMatch": true
    },
    {
        "id": 68526187,
        "price": "0.00383000",
        "qty": "12.72000000",
        "quoteQty": "0.04871760",
        "time": 1629627363638,
        "isBuyerMaker": false,
        "isBestMatch": true
    },
    {
        "id": 68526188,
        "price": "0.00383000",
        "qty": "11.61000000",
        "quoteQty": "0.04446630",
        "time": 1629627363704,
        "isBuyerMaker": false,
        "isBestMatch": true
    },
    {
        "id": 68526189,
        "price": "0.00383000",
        "qty": "0.51000000",
        "quoteQty": "0.00195330",
        "time": 1629627363910,
        "isBuyerMaker": true,
        "isBestMatch": true
    },
    {
        "id": 68526190,
        "price": "0.00383100",
        "qty": "0.96000000",
        "quoteQty": "0.00367776",
        "time": 1629627364698,
        "isBuyerMaker": false,
        "isBestMatch": true
    },
    {
        "id": 68526191,
        "price": "0.00383100",
        "qty": "0.17000000",
        "quoteQty": "0.00065127",
        "time": 1629627365776,
        "isBuyerMaker": false,
        "isBestMatch": true
    },
    {
        "id": 68526192,
        "price": "0.00383100",
        "qty": "1.08000000",
        "quoteQty": "0.00413748",
        "time": 1629627367749,
        "isBuyerMaker": false,
        "isBestMatch": true
    },
    {
        "id": 68526193,
        "price": "0.00383100",
        "qty": "3.78000000",
        "quoteQty": "0.01448118",
        "time": 1629627367811,
        "isBuyerMaker": false,
        "isBestMatch": true
    },
    {
        "id": 68526194,
        "price": "0.00383100",
        "qty": "2.17000000",
        "quoteQty": "0.00831327",
        "time": 1629627367842,
        "isBuyerMaker": false,
        "isBestMatch": true
    },
    {
        "id": 68526195,
        "price": "0.00383100",
        "qty": "1.71000000",
        "quoteQty": "0.00655101",
        "time": 1629627367842,
        "isBuyerMaker": false,
        "isBestMatch": true
    },
    {
        "id": 68526196,
        "price": "0.00383200",
        "qty": "0.52000000",
        "quoteQty": "0.00199264",
        "time": 1629627367877,
        "isBuyerMaker": false,
        "isBestMatch": true
    },
    {
        "id": 68526197,
        "price": "0.00383200",
        "qty": "1.04000000",
        "quoteQty": "0.00398528",
        "time": 1629627378155,
        "isBuyerMaker": false,
        "isBestMatch": true
    },
    {
        "id": 68526198,
        "price": "0.00383100",
        "qty": "6.14000000",
        "quoteQty": "0.02352234",
        "time": 1629627380446,
        "isBuyerMaker": true,
        "isBestMatch": true
    },
    {
        "id": 68526199,
        "price": "0.00383100",
        "qty": "4.98000000",
        "quoteQty": "0.01907838",
        "time": 1629627380512,
        "isBuyerMaker": true,
        "isBestMatch": true
    },
    {
        "id": 68526200,
        "price": "0.00383200",
        "qty": "0.03000000",
        "quoteQty": "0.00011496",
        "time": 1629627385592,
        "isBuyerMaker": false,
        "isBestMatch": true
    },
    {
        "id": 68526201,
        "price": "0.00383100",
        "qty": "3.95000000",
        "quoteQty": "0.01513245",
        "time": 1629627386503,
        "isBuyerMaker": true,
        "isBestMatch": true
    },
    {
        "id": 68526202,
        "price": "0.00383100",
        "qty": "6.13000000",
        "quoteQty": "0.02348403",
        "time": 1629627386503,
        "isBuyerMaker": true,
        "isBestMatch": true
    },
    {
        "id": 68526203,
        "price": "0.00383200",
        "qty": "0.14000000",
        "quoteQty": "0.00053648",
        "time": 1629627388712,
        "isBuyerMaker": false,
        "isBestMatch": true
    },
    {
        "id": 68526204,
        "price": "0.00383100",
        "qty": "0.01000000",
        "quoteQty": "0.00003831",
        "time": 1629627392472,
        "isBuyerMaker": true,
        "isBestMatch": true
    },
    {
        "id": 68526205,
        "price": "0.00383100",
        "qty": "5.40000000",
        "quoteQty": "0.02068740",
        "time": 1629627392472,
        "isBuyerMaker": true,
        "isBestMatch": true
    },
    {
        "id": 68526206,
        "price": "0.00383100",
        "qty": "3.46000000",
        "quoteQty": "0.01325526",
        "time": 1629627392967,
        "isBuyerMaker": true,
        "isBestMatch": true
    },
    {
        "id": 68526207,
        "price": "0.00383100",
        "qty": "2.33000000",
        "quoteQty": "0.00892623",
        "time": 1629627392967,
        "isBuyerMaker": true,
        "isBestMatch": true
    },
    {
        "id": 68526208,
        "price": "0.00383100",
        "qty": "0.38000000",
        "quoteQty": "0.00145578",
        "time": 1629627392973,
        "isBuyerMaker": true,
        "isBestMatch": true
    },
    {
        "id": 68526209,
        "price": "0.00383100",
        "qty": "5.03000000",
        "quoteQty": "0.01926993",
        "time": 1629627392973,
        "isBuyerMaker": true,
        "isBestMatch": true
    },
    {
        "id": 68526210,
        "price": "0.00382900",
        "qty": "0.26000000",
        "quoteQty": "0.00099554",
        "time": 1629627399448,
        "isBuyerMaker": true,
        "isBestMatch": true
    },
    {
        "id": 68526211,
        "price": "0.00383000",
        "qty": "8.16000000",
        "quoteQty": "0.03125280",
        "time": 1629627399597,
        "isBuyerMaker": false,
        "isBestMatch": true
    },
    {
        "id": 68526212,
        "price": "0.00383100",
        "qty": "0.08000000",
        "quoteQty": "0.00030648",
        "time": 1629627400728,
        "isBuyerMaker": false,
        "isBestMatch": true
    },
    {
        "id": 68526213,
        "price": "0.00383100",
        "qty": "0.08000000",
        "quoteQty": "0.00030648",
        "time": 1629627400903,
        "isBuyerMaker": false,
        "isBestMatch": true
    },
    {
        "id": 68526214,
        "price": "0.00383000",
        "qty": "0.31000000",
        "quoteQty": "0.00118730",
        "time": 1629627409871,
        "isBuyerMaker": false,
        "isBestMatch": true
    },
    {
        "id": 68526215,
        "price": "0.00382800",
        "qty": "0.08000000",
        "quoteQty": "0.00030624",
        "time": 1629627411101,
        "isBuyerMaker": true,
        "isBestMatch": true
    },
    {
        "id": 68526216,
        "price": "0.00382800",
        "qty": "10.44000000",
        "quoteQty": "0.03996432",
        "time": 1629627413056,
        "isBuyerMaker": true,
        "isBestMatch": true
    },
    {
        "id": 68526217,
        "price": "0.00382900",
        "qty": "0.05000000",
        "quoteQty": "0.00019145",
        "time": 1629627413686,
        "isBuyerMaker": false,
        "isBestMatch": true
    },
    {
        "id": 68526218,
        "price": "0.00382800",
        "qty": "2.14000000",
        "quoteQty": "0.00819192",
        "time": 1629627433682,
        "isBuyerMaker": true,
        "isBestMatch": true
    },
    {
        "id": 68526219,
        "price": "0.00382900",
        "qty": "8.17000000",
        "quoteQty": "0.03128293",
        "time": 1629627443096,
        "isBuyerMaker": false,
        "isBestMatch": true
    },
    {
        "id": 68526220,
        "price": "0.00382900",
        "qty": "0.39000000",
        "quoteQty": "0.00149331",
        "time": 1629627443096,
        "isBuyerMaker": false,
        "isBestMatch": true
    },
    {
        "id": 68526221,
        "price": "0.00382800",
        "qty": "0.82000000",
        "quoteQty": "0.00313896",
        "time": 1629627450233,
        "isBuyerMaker": false,
        "isBestMatch": true
    },
    {
        "id": 68526222,
        "price": "0.00382800",
        "qty": "0.94000000",
        "quoteQty": "0.00359832",
        "time": 1629627455801,
        "isBuyerMaker": false,
        "isBestMatch": true
    },
    {
        "id": 68526223,
        "price": "0.00382800",
        "qty": "1.24000000",
        "quoteQty": "0.00474672",
        "time": 1629627456049,
        "isBuyerMaker": false,
        "isBestMatch": true
    },
    {
        "id": 68526224,
        "price": "0.00382800",
        "qty": "3.07000000",
        "quoteQty": "0.01175196",
        "time": 1629627456049,
        "isBuyerMaker": false,
        "isBestMatch": true
    },
    {
        "id": 68526225,
        "price": "0.00382800",
        "qty": "1.66000000",
        "quoteQty": "0.00635448",
        "time": 1629627456050,
        "isBuyerMaker": false,
        "isBestMatch": true
    },
    {
        "id": 68526226,
        "price": "0.00382900",
        "qty": "0.11000000",
        "quoteQty": "0.00042119",
        "time": 1629627458668,
        "isBuyerMaker": false,
        "isBestMatch": true
    },
    {
        "id": 68526227,
        "price": "0.00382800",
        "qty": "0.71000000",
        "quoteQty": "0.00271788",
        "time": 1629627458719,
        "isBuyerMaker": true,
        "isBestMatch": true
    },
    {
        "id": 68526228,
        "price": "0.00382900",
        "qty": "0.10000000",
        "quoteQty": "0.00038290",
        "time": 1629627462838,
        "isBuyerMaker": false,
        "isBestMatch": true
    },
    {
        "id": 68526229,
        "price": "0.00382700",
        "qty": "2.74000000",
        "quoteQty": "0.01048598",
        "time": 1629627479882,
        "isBuyerMaker": true,
        "isBestMatch": true
    },
    {
        "id": 68526230,
        "price": "0.00382700",
        "qty": "3.40000000",
        "quoteQty": "0.01301180",
        "time": 1629627484117,
        "isBuyerMaker": true,
        "isBestMatch": true
    },
    {
        "id": 68526231,
        "price": "0.00382700",
        "qty": "4.01000000",
        "quoteQty": "0.01534627",
        "time": 1629627484117,
        "isBuyerMaker": true,
        "isBestMatch": true
    },
    {
        "id": 68526232,
        "price": "0.00382700",
        "qty": "0.92000000",
        "quoteQty": "0.00352084",
        "time": 1629627484213,
        "isBuyerMaker": true,
        "isBestMatch": true
    },
    {
        "id": 68526233,
        "price": "0.00382800",
        "qty": "0.52000000",
        "quoteQty": "0.00199056",
        "time": 1629627488354,
        "isBuyerMaker": false,
        "isBestMatch": true
    },
    {
        "id": 68526234,
        "price": "0.00382600",
        "qty": "16.80000000",
        "quoteQty": "0.06427680",
        "time": 1629627490379,
        "isBuyerMaker": true,
        "isBestMatch": true
    },
    {
        "id": 68526235,
        "price": "0.00382600",
        "qty": "14.00000000",
        "quoteQty": "0.05356400",
        "time": 1629627490379,
        "isBuyerMaker": true,
        "isBestMatch": true
    },
    {
        "id": 68526236,
        "price": "0.00382500",
        "qty": "3.39000000",
        "quoteQty": "0.01296675",
        "time": 1629627490379,
        "isBuyerMaker": true,
        "isBestMatch": true
    },
    {
        "id": 68526237,
        "price": "0.00382500",
        "qty": "2.51000000",
        "quoteQty": "0.00960075",
        "time": 1629627490379,
        "isBuyerMaker": true,
        "isBestMatch": true
    },
    {
        "id": 68526238,
        "price": "0.00382500",
        "qty": "16.99000000",
        "quoteQty": "0.06498675",
        "time": 1629627490379,
        "isBuyerMaker": true,
        "isBestMatch": true
    },
    {
        "id": 68526239,
        "price": "0.00382500",
        "qty": "5.30000000",
        "quoteQty": "0.02027250",
        "time": 1629627490379,
        "isBuyerMaker": true,
        "isBestMatch": true
    },
    {
        "id": 68526240,
        "price": "0.00382500",
        "qty": "11.14000000",
        "quoteQty": "0.04261050",
        "time": 1629627490379,
        "isBuyerMaker": true,
        "isBestMatch": true
    },
    {
        "id": 68526241,
        "price": "0.00382500",
        "qty": "7.45000000",
        "quoteQty": "0.02849625",
        "time": 1629627490379,
        "isBuyerMaker": true,
        "isBestMatch": true
    },
    {
        "id": 68526242,
        "price": "0.00382400",
        "qty": "3.28000000",
        "quoteQty": "0.01254272",
        "time": 1629627490379,
        "isBuyerMaker": true,
        "isBestMatch": true
    },
    {
        "id": 68526243,
        "price": "0.00382400",
        "qty": "18.10000000",
        "quoteQty": "0.06921440",
        "time": 1629627490379,
        "isBuyerMaker": true,
        "isBestMatch": true
    },
    {
        "id": 68526244,
        "price": "0.00382400",
        "qty": "1.04000000",
        "quoteQty": "0.00397696",
        "time": 1629627490379,
        "isBuyerMaker": true,
        "isBestMatch": true
    },
    {
        "id": 68526245,
        "price": "0.00382600",
        "qty": "7.58000000",
        "quoteQty": "0.02900108",
        "time": 1629627496606,
        "isBuyerMaker": true,
        "isBestMatch": true
    },
    {
        "id": 68526246,
        "price": "0.00382500",
        "qty": "0.14000000",
        "quoteQty": "0.00053550",
        "time": 1629627503657,
        "isBuyerMaker": true,
        "isBestMatch": true
    },
    {
        "id": 68526247,
        "price": "0.00382600",
        "qty": "6.15000000",
        "quoteQty": "0.02352990",
        "time": 1629627504117,
        "isBuyerMaker": true,
        "isBestMatch": true
    },
    {
        "id": 68526248,
        "price": "0.00382600",
        "qty": "5.02000000",
        "quoteQty": "0.01920652",
        "time": 1629627504152,
        "isBuyerMaker": true,
        "isBestMatch": true
    },
    {
        "id": 68526249,
        "price": "0.00382600",
        "qty": "0.13000000",
        "quoteQty": "0.00049738",
        "time": 1629627506491,
        "isBuyerMaker": false,
        "isBestMatch": true
    },
    {
        "id": 68526250,
        "price": "0.00382500",
        "qty": "3.00000000",
        "quoteQty": "0.01147500",
        "time": 1629627509058,
        "isBuyerMaker": true,
        "isBestMatch": true
    },
    {
        "id": 68526251,
        "price": "0.00382700",
        "qty": "0.04000000",
        "quoteQty": "0.00015308",
        "time": 1629627527601,
        "isBuyerMaker": false,
        "isBestMatch": true
    },
    {
        "id": 68526252,
        "price": "0.00382700",
        "qty": "0.37000000",
        "quoteQty": "0.00141599",
        "time": 1629627529010,
        "isBuyerMaker": false,
        "isBestMatch": true
    },
    {
        "id": 68526253,
        "price": "0.00382800",
        "qty": "0.36000000",
        "quoteQty": "0.00137808",
        "time": 1629627530611,
        "isBuyerMaker": false,
        "isBestMatch": true
    },
    {
        "id": 68526254,
        "price": "0.00382500",
        "qty": "0.07000000",
        "quoteQty": "0.00026775",
        "time": 1629627533455,
        "isBuyerMaker": true,
        "isBestMatch": true
    },
    {
        "id": 68526255,
        "price": "0.00382700",
        "qty": "0.20000000",
        "quoteQty": "0.00076540",
        "time": 1629627535203,
        "isBuyerMaker": false,
        "isBestMatch": true
    },
    {
        "id": 68526256,
        "price": "0.00382700",
        "qty": "9.32000000",
        "quoteQty": "0.03566764",
        "time": 1629627541381,
        "isBuyerMaker": false,
        "isBestMatch": true
    },
    {
        "id": 68526257,
        "price": "0.00382700",
        "qty": "8.85000000",
        "quoteQty": "0.03386895",
        "time": 1629627541381,
        "isBuyerMaker": false,
        "isBestMatch": true
    },
    {
        "id": 68526258,
        "price": "0.00382700",
        "qty": "2.33000000",
        "quoteQty": "0.00891691",
        "time": 1629627550679,
        "isBuyerMaker": true,
        "isBestMatch": true
    },
    {
        "id": 68526259,
        "price": "0.00382800",
        "qty": "0.15000000",
        "quoteQty": "0.00057420",
        "time": 1629627562805,
        "isBuyerMaker": false,
        "isBestMatch": true
    },
    {
        "id": 68526260,
        "price": "0.00382700",
        "qty": "0.04000000",
        "quoteQty": "0.00015308",
        "time": 1629627564649,
        "isBuyerMaker": true,
        "isBestMatch": true
    },
    {
        "id": 68526261,
        "price": "0.00382700",
        "qty": "1.07000000",
        "quoteQty": "0.00409489",
        "time": 1629627564649,
        "isBuyerMaker": true,
        "isBestMatch": true
    },
    {
        "id": 68526262,
        "price": "0.00382800",
        "qty": "0.10000000",
        "quoteQty": "0.00038280",
        "time": 1629627565038,
        "isBuyerMaker": false,
        "isBestMatch": true
    },
    {
        "id": 68526263,
        "price": "0.00382700",
        "qty": "5.07000000",
        "quoteQty": "0.01940289",
        "time": 1629627565657,
        "isBuyerMaker": true,
        "isBestMatch": true
    },
    {
        "id": 68526264,
        "price": "0.00382800",
        "qty": "0.05000000",
        "quoteQty": "0.00019140",
        "time": 1629627568690,
        "isBuyerMaker": false,
        "isBestMatch": true
    },
    {
        "id": 68526265,
        "price": "0.00382800",
        "qty": "0.19000000",
        "quoteQty": "0.00072732",
        "time": 1629627571895,
        "isBuyerMaker": false,
        "isBestMatch": true
    },
    {
        "id": 68526266,
        "price": "0.00382800",
        "qty": "1.43000000",
        "quoteQty": "0.00547404",
        "time": 1629627573942,
        "isBuyerMaker": false,
        "isBestMatch": true
    },
    {
        "id": 68526267,
        "price": "0.00382800",
        "qty": "5.89000000",
        "quoteQty": "0.02254692",
        "time": 1629627573966,
        "isBuyerMaker": false,
        "isBestMatch": true
    },
    {
        "id": 68526268,
        "price": "0.00382800",
        "qty": "3.77000000",
        "quoteQty": "0.01443156",
        "time": 1629627573966,
        "isBuyerMaker": false,
        "isBestMatch": true
    },
    {
        "id": 68526269,
        "price": "0.00382800",
        "qty": "3.15000000",
        "quoteQty": "0.01205820",
        "time": 1629627574295,
        "isBuyerMaker": true,
        "isBestMatch": true
    },
    {
        "id": 68526270,
        "price": "0.00382900",
        "qty": "0.24000000",
        "quoteQty": "0.00091896",
        "time": 1629627578031,
        "isBuyerMaker": false,
        "isBestMatch": true
    },
    {
        "id": 68526271,
        "price": "0.00382900",
        "qty": "0.26000000",
        "quoteQty": "0.00099554",
        "time": 1629627578132,
        "isBuyerMaker": false,
        "isBestMatch": true
    },
    {
        "id": 68526272,
        "price": "0.00382800",
        "qty": "15.57000000",
        "quoteQty": "0.05960196",
        "time": 1629627583675,
        "isBuyerMaker": true,
        "isBestMatch": true
    },
    {
        "id": 68526273,
        "price": "0.00382800",
        "qty": "16.10000000",
        "quoteQty": "0.06163080",
        "time": 1629627583675,
        "isBuyerMaker": true,
        "isBestMatch": true
    },
    {
        "id": 68526274,
        "price": "0.00382800",
        "qty": "9.36000000",
        "quoteQty": "0.03583008",
        "time": 1629627583675,
        "isBuyerMaker": true,
        "isBestMatch": true
    },
    {
        "id": 68526275,
        "price": "0.00382700",
        "qty": "5.07000000",
        "quoteQty": "0.01940289",
        "time": 1629627583675,
        "isBuyerMaker": true,
        "isBestMatch": true
    },
    {
        "id": 68526276,
        "price": "0.00382700",
        "qty": "1.23000000",
        "quoteQty": "0.00470721",
        "time": 1629627583675,
        "isBuyerMaker": true,
        "isBestMatch": true
    },
    {
        "id": 68526277,
        "price": "0.00382700",
        "qty": "52.67000000",
        "quoteQty": "0.20156809",
        "time": 1629627583675,
        "isBuyerMaker": true,
        "isBestMatch": true
    },
    {
        "id": 68526278,
        "price": "0.00382800",
        "qty": "3.56000000",
        "quoteQty": "0.01362768",
        "time": 1629627590929,
        "isBuyerMaker": false,
        "isBestMatch": true
    },
    {
        "id": 68526279,
        "price": "0.00382700",
        "qty": "2.73000000",
        "quoteQty": "0.01044771",
        "time": 1629627596234,
        "isBuyerMaker": true,
        "isBestMatch": true
    },
    {
        "id": 68526280,
        "price": "0.00382700",
        "qty": "6.49000000",
        "quoteQty": "0.02483723",
        "time": 1629627596234,
        "isBuyerMaker": true,
        "isBestMatch": true
    },
    {
        "id": 68526281,
        "price": "0.00382700",
        "qty": "0.45000000",
        "quoteQty": "0.00172215",
        "time": 1629627601125,
        "isBuyerMaker": true,
        "isBestMatch": true
    },
    {
        "id": 68526282,
        "price": "0.00382600",
        "qty": "14.00000000",
        "quoteQty": "0.05356400",
        "time": 1629627601198,
        "isBuyerMaker": true,
        "isBestMatch": true
    },
    {
        "id": 68526283,
        "price": "0.00382500",
        "qty": "0.27000000",
        "quoteQty": "0.00103275",
        "time": 1629627603534,
        "isBuyerMaker": true,
        "isBestMatch": true
    },
    {
        "id": 68526284,
        "price": "0.00382600",
        "qty": "0.52000000",
        "quoteQty": "0.00198952",
        "time": 1629627604347,
        "isBuyerMaker": true,
        "isBestMatch": true
    },
    {
        "id": 68526285,
        "price": "0.00382600",
        "qty": "0.08000000",
        "quoteQty": "0.00030608",
        "time": 1629627608294,
        "isBuyerMaker": true,
        "isBestMatch": true
    },
    {
        "id": 68526286,
        "price": "0.00382500",
        "qty": "0.55000000",
        "quoteQty": "0.00210375",
        "time": 1629627609192,
        "isBuyerMaker": true,
        "isBestMatch": true
    },
    {
        "id": 68526287,
        "price": "0.00382500",
        "qty": "0.38000000",
        "quoteQty": "0.00145350",
        "time": 1629627609192,
        "isBuyerMaker": true,
        "isBestMatch": true
    },
    {
        "id": 68526288,
        "price": "0.00382800",
        "qty": "0.10000000",
        "quoteQty": "0.00038280",
        "time": 1629627617439,
        "isBuyerMaker": false,
        "isBestMatch": true
    },
    {
        "id": 68526289,
        "price": "0.00382700",
        "qty": "1.61000000",
        "quoteQty": "0.00616147",
        "time": 1629627629552,
        "isBuyerMaker": true,
        "isBestMatch": true
    },
    {
        "id": 68526290,
        "price": "0.00382700",
        "qty": "2.92000000",
        "quoteQty": "0.01117484",
        "time": 1629627629578,
        "isBuyerMaker": true,
        "isBestMatch": true
    },
    {
        "id": 68526291,
        "price": "0.00382700",
        "qty": "1.61000000",
        "quoteQty": "0.00616147",
        "time": 1629627629615,
        "isBuyerMaker": true,
        "isBestMatch": true
    },
    {
        "id": 68526292,
        "price": "0.00382700",
        "qty": "5.21000000",
        "quoteQty": "0.01993867",
        "time": 1629627640579,
        "isBuyerMaker": true,
        "isBestMatch": true
    },
    {
        "id": 68526293,
        "price": "0.00382800",
        "qty": "0.16000000",
        "quoteQty": "0.00061248",
        "time": 1629627640739,
        "isBuyerMaker": false,
        "isBestMatch": true
    },
    {
        "id": 68526294,
        "price": "0.00382600",
        "qty": "14.00000000",
        "quoteQty": "0.05356400",
        "time": 1629627648676,
        "isBuyerMaker": true,
        "isBestMatch": true
    },
    {
        "id": 68526295,
        "price": "0.00382600",
        "qty": "1.19000000",
        "quoteQty": "0.00455294",
        "time": 1629627648676,
        "isBuyerMaker": true,
        "isBestMatch": true
    },
    {
        "id": 68526296,
        "price": "0.00382600",
        "qty": "1.19000000",
        "quoteQty": "0.00455294",
        "time": 1629627648676,
        "isBuyerMaker": true,
        "isBestMatch": true
    },
    {
        "id": 68526297,
        "price": "0.00382600",
        "qty": "16.90000000",
        "quoteQty": "0.06465940",
        "time": 1629627648676,
        "isBuyerMaker": true,
        "isBestMatch": true
    },
    {
        "id": 68526298,
        "price": "0.00382800",
        "qty": "0.10000000",
        "quoteQty": "0.00038280",
        "time": 1629627651767,
        "isBuyerMaker": false,
        "isBestMatch": true
    },
    {
        "id": 68526299,
        "price": "0.00382700",
        "qty": "0.03000000",
        "quoteQty": "0.00011481",
        "time": 1629627666344,
        "isBuyerMaker": true,
        "isBestMatch": true
    },
    {
        "id": 68526300,
        "price": "0.00382800",
        "qty": "1.30000000",
        "quoteQty": "0.00497640",
        "time": 1629627667892,
        "isBuyerMaker": false,
        "isBestMatch": true
    },
    {
        "id": 68526301,
        "price": "0.00382600",
        "qty": "5.69000000",
        "quoteQty": "0.02176994",
        "time": 1629627669929,
        "isBuyerMaker": false,
        "isBestMatch": true
    },
    {
        "id": 68526302,
        "price": "0.00382600",
        "qty": "3.60000000",
        "quoteQty": "0.01377360",
        "time": 1629627670058,
        "isBuyerMaker": false,
        "isBestMatch": true
    },
    {
        "id": 68526303,
        "price": "0.00382700",
        "qty": "2.00000000",
        "quoteQty": "0.00765400",
        "time": 1629627672193,
        "isBuyerMaker": false,
        "isBestMatch": true
    },
    {
        "id": 68526304,
        "price": "0.00382600",
        "qty": "0.55000000",
        "quoteQty": "0.00210430",
        "time": 1629627674200,
        "isBuyerMaker": false,
        "isBestMatch": true
    },
    {
        "id": 68526305,
        "price": "0.00382600",
        "qty": "0.88000000",
        "quoteQty": "0.00336688",
        "time": 1629627678935,
        "isBuyerMaker": false,
        "isBestMatch": true
    },
    {
        "id": 68526306,
        "price": "0.00382600",
        "qty": "13.12000000",
        "quoteQty": "0.05019712",
        "time": 1629627680452,
        "isBuyerMaker": false,
        "isBestMatch": true
    },
    {
        "id": 68526307,
        "price": "0.00382600",
        "qty": "15.87000000",
        "quoteQty": "0.06071862",
        "time": 1629627680452,
        "isBuyerMaker": false,
        "isBestMatch": true
    },
    {
        "id": 68526308,
        "price": "0.00382600",
        "qty": "5.20000000",
        "quoteQty": "0.01989520",
        "time": 1629627680452,
        "isBuyerMaker": false,
        "isBestMatch": true
    },
    {
        "id": 68526309,
        "price": "0.00382600",
        "qty": "4.16000000",
        "quoteQty": "0.01591616",
        "time": 1629627680452,
        "isBuyerMaker": false,
        "isBestMatch": true
    },
    {
        "id": 68526310,
        "price": "0.00382600",
        "qty": "0.10000000",
        "quoteQty": "0.00038260",
        "time": 1629627682863,
        "isBuyerMaker": false,
        "isBestMatch": true
    },
    {
        "id": 68526311,
        "price": "0.00382400",
        "qty": "6.14000000",
        "quoteQty": "0.02347936",
        "time": 1629627691364,
        "isBuyerMaker": true,
        "isBestMatch": true
    },
    {
        "id": 68526312,
        "price": "0.00382400",
        "qty": "5.15000000",
        "quoteQty": "0.01969360",
        "time": 1629627691448,
        "isBuyerMaker": true,
        "isBestMatch": true
    },
    {
        "id": 68526313,
        "price": "0.00382300",
        "qty": "0.37000000",
        "quoteQty": "0.00141451",
        "time": 1629627693867,
        "isBuyerMaker": true,
        "isBestMatch": true
    },
    {
        "id": 68526314,
        "price": "0.00382300",
        "qty": "0.18000000",
        "quoteQty": "0.00068814",
        "time": 1629627693944,
        "isBuyerMaker": true,
        "isBestMatch": true
    },
    {
        "id": 68526315,
        "price": "0.00382300",
        "qty": "0.71000000",
        "quoteQty": "0.00271433",
        "time": 1629627693944,
        "isBuyerMaker": true,
        "isBestMatch": true
    },
    {
        "id": 68526316,
        "price": "0.00382300",
        "qty": "0.97000000",
        "quoteQty": "0.00370831",
        "time": 1629627693944,
        "isBuyerMaker": true,
        "isBestMatch": true
    },
    {
        "id": 68526317,
        "price": "0.00382300",
        "qty": "1.40000000",
        "quoteQty": "0.00535220",
        "time": 1629627693956,
        "isBuyerMaker": true,
        "isBestMatch": true
    },
    {
        "id": 68526318,
        "price": "0.00382200",
        "qty": "0.09000000",
        "quoteQty": "0.00034398",
        "time": 1629627694700,
        "isBuyerMaker": true,
        "isBestMatch": true
    },
    {
        "id": 68526319,
        "price": "0.00382100",
        "qty": "1.04000000",
        "quoteQty": "0.00397384",
        "time": 1629627694700,
        "isBuyerMaker": true,
        "isBestMatch": true
    },
    {
        "id": 68526320,
        "price": "0.00382100",
        "qty": "0.73000000",
        "quoteQty": "0.00278933",
        "time": 1629627694700,
        "isBuyerMaker": true,
        "isBestMatch": true
    },
    {
        "id": 68526321,
        "price": "0.00382200",
        "qty": "5.38000000",
        "quoteQty": "0.02056236",
        "time": 1629627698082,
        "isBuyerMaker": true,
        "isBestMatch": true
    },
    {
        "id": 68526322,
        "price": "0.00382300",
        "qty": "0.70000000",
        "quoteQty": "0.00267610",
        "time": 1629627699010,
        "isBuyerMaker": false,
        "isBestMatch": true
    },
    {
        "id": 68526323,
        "price": "0.00382200",
        "qty": "0.25000000",
        "quoteQty": "0.00095550",
        "time": 1629627699202,
        "isBuyerMaker": false,
        "isBestMatch": true
    },
    {
        "id": 68526324,
        "price": "0.00382100",
        "qty": "1.28000000",
        "quoteQty": "0.00489088",
        "time": 1629627702030,
        "isBuyerMaker": true,
        "isBestMatch": true
    },
    {
        "id": 68526325,
        "price": "0.00382100",
        "qty": "13.38000000",
        "quoteQty": "0.05112498",
        "time": 1629627702030,
        "isBuyerMaker": true,
        "isBestMatch": true
    },
    {
        "id": 68526326,
        "price": "0.00382100",
        "qty": "6.53000000",
        "quoteQty": "0.02495113",
        "time": 1629627702155,
        "isBuyerMaker": true,
        "isBestMatch": true
    },
    {
        "id": 68526327,
        "price": "0.00382100",
        "qty": "6.53000000",
        "quoteQty": "0.02495113",
        "time": 1629627702240,
        "isBuyerMaker": true,
        "isBestMatch": true
    },
    {
        "id": 68526328,
        "price": "0.00382100",
        "qty": "2.43000000",
        "quoteQty": "0.00928503",
        "time": 1629627702241,
        "isBuyerMaker": true,
        "isBestMatch": true
    },
    {
        "id": 68526329,
        "price": "0.00382100",
        "qty": "2.43000000",
        "quoteQty": "0.00928503",
        "time": 1629627702281,
        "isBuyerMaker": true,
        "isBestMatch": true
    },
    {
        "id": 68526330,
        "price": "0.00382100",
        "qty": "5.75000000",
        "quoteQty": "0.02197075",
        "time": 1629627702283,
        "isBuyerMaker": true,
        "isBestMatch": true
    },
    {
        "id": 68526331,
        "price": "0.00382100",
        "qty": "17.96000000",
        "quoteQty": "0.06862516",
        "time": 1629627702320,
        "isBuyerMaker": true,
        "isBestMatch": true
    },
    {
        "id": 68526332,
        "price": "0.00382100",
        "qty": "9.03000000",
        "quoteQty": "0.03450363",
        "time": 1629627702346,
        "isBuyerMaker": true,
        "isBestMatch": true
    },
    {
        "id": 68526333,
        "price": "0.00382100",
        "qty": "5.96000000",
        "quoteQty": "0.02277316",
        "time": 1629627702348,
        "isBuyerMaker": true,
        "isBestMatch": true
    },
    {
        "id": 68526334,
        "price": "0.00382100",
        "qty": "2.15000000",
        "quoteQty": "0.00821515",
        "time": 1629627702348,
        "isBuyerMaker": true,
        "isBestMatch": true
    },
    {
        "id": 68526335,
        "price": "0.00382100",
        "qty": "1.58000000",
        "quoteQty": "0.00603718",
        "time": 1629627704529,
        "isBuyerMaker": false,
        "isBestMatch": true
    },
    {
        "id": 68526336,
        "price": "0.00382100",
        "qty": "0.70000000",
        "quoteQty": "0.00267470",
        "time": 1629627704926,
        "isBuyerMaker": false,
        "isBestMatch": true
    },
    {
        "id": 68526337,
        "price": "0.00382000",
        "qty": "0.44000000",
        "quoteQty": "0.00168080",
        "time": 1629627705940,
        "isBuyerMaker": true,
        "isBestMatch": true
    },
    {
        "id": 68526338,
        "price": "0.00382000",
        "qty": "0.95000000",
        "quoteQty": "0.00362900",
        "time": 1629627705940,
        "isBuyerMaker": true,
        "isBestMatch": true
    },
    {
        "id": 68526339,
        "price": "0.00382100",
        "qty": "1.53000000",
        "quoteQty": "0.00584613",
        "time": 1629627706915,
        "isBuyerMaker": false,
        "isBestMatch": true
    },
    {
        "id": 68526340,
        "price": "0.00382000",
        "qty": "0.51000000",
        "quoteQty": "0.00194820",
        "time": 1629627706916,
        "isBuyerMaker": true,
        "isBestMatch": true
    },
    {
        "id": 68526341,
        "price": "0.00382100",
        "qty": "0.12000000",
        "quoteQty": "0.00045852",
        "time": 1629627708946,
        "isBuyerMaker": false,
        "isBestMatch": true
    },
    {
        "id": 68526342,
        "price": "0.00382200",
        "qty": "0.10000000",
        "quoteQty": "0.00038220",
        "time": 1629627709531,
        "isBuyerMaker": false,
        "isBestMatch": true
    },
    {
        "id": 68526343,
        "price": "0.00382000",
        "qty": "1.54000000",
        "quoteQty": "0.00588280",
        "time": 1629627714049,
        "isBuyerMaker": true,
        "isBestMatch": true
    },
    {
        "id": 68526344,
        "price": "0.00382000",
        "qty": "3.00000000",
        "quoteQty": "0.01146000",
        "time": 1629627714049,
        "isBuyerMaker": true,
        "isBestMatch": true
    },
    {
        "id": 68526345,
        "price": "0.00382000",
        "qty": "0.20000000",
        "quoteQty": "0.00076400",
        "time": 1629627714049,
        "isBuyerMaker": true,
        "isBestMatch": true
    },
    {
        "id": 68526346,
        "price": "0.00382000",
        "qty": "2.26000000",
        "quoteQty": "0.00863320",
        "time": 1629627714049,
        "isBuyerMaker": true,
        "isBestMatch": true
    },
    {
        "id": 68526347,
        "price": "0.00382000",
        "qty": "0.74000000",
        "quoteQty": "0.00282680",
        "time": 1629627714209,
        "isBuyerMaker": true,
        "isBestMatch": true
    },
    {
        "id": 68526348,
        "price": "0.00382000",
        "qty": "3.00000000",
        "quoteQty": "0.01146000",
        "time": 1629627714209,
        "isBuyerMaker": true,
        "isBestMatch": true
    },
    {
        "id": 68526349,
        "price": "0.00382000",
        "qty": "3.26000000",
        "quoteQty": "0.01245320",
        "time": 1629627714209,
        "isBuyerMaker": true,
        "isBestMatch": true
    },
    {
        "id": 68526350,
        "price": "0.00382000",
        "qty": "0.91000000",
        "quoteQty": "0.00347620",
        "time": 1629627714456,
        "isBuyerMaker": true,
        "isBestMatch": true
    },
    {
        "id": 68526351,
        "price": "0.00382100",
        "qty": "0.10000000",
        "quoteQty": "0.00038210",
        "time": 1629627715068,
        "isBuyerMaker": false,
        "isBestMatch": true
    },
    {
        "id": 68526352,
        "price": "0.00382000",
        "qty": "0.20000000",
        "quoteQty": "0.00076400",
        "time": 1629627720535,
        "isBuyerMaker": false,
        "isBestMatch": true
    },
    {
        "id": 68526353,
        "price": "0.00381900",
        "qty": "0.18000000",
        "quoteQty": "0.00068742",
        "time": 1629627721578,
        "isBuyerMaker": true,
        "isBestMatch": true
    },
    {
        "id": 68526354,
        "price": "0.00381900",
        "qty": "0.97000000",
        "quoteQty": "0.00370443",
        "time": 1629627721578,
        "isBuyerMaker": true,
        "isBestMatch": true
    },
    {
        "id": 68526355,
        "price": "0.00381900",
        "qty": "0.06000000",
        "quoteQty": "0.00022914",
        "time": 1629627721578,
        "isBuyerMaker": true,
        "isBestMatch": true
    },
    {
        "id": 68526356,
        "price": "0.00381900",
        "qty": "0.04000000",
        "quoteQty": "0.00015276",
        "time": 1629627721578,
        "isBuyerMaker": true,
        "isBestMatch": true
    },
    {
        "id": 68526357,
        "price": "0.00381900",
        "qty": "0.57000000",
        "quoteQty": "0.00217683",
        "time": 1629627721578,
        "isBuyerMaker": true,
        "isBestMatch": true
    },
    {
        "id": 68526358,
        "price": "0.00381900",
        "qty": "0.14000000",
        "quoteQty": "0.00053466",
        "time": 1629627721578,
        "isBuyerMaker": true,
        "isBestMatch": true
    },
    {
        "id": 68526359,
        "price": "0.00381900",
        "qty": "0.59000000",
        "quoteQty": "0.00225321",
        "time": 1629627721578,
        "isBuyerMaker": true,
        "isBestMatch": true
    },
    {
        "id": 68526360,
        "price": "0.00381900",
        "qty": "2.39000000",
        "quoteQty": "0.00912741",
        "time": 1629627721578,
        "isBuyerMaker": true,
        "isBestMatch": true
    },
    {
        "id": 68526361,
        "price": "0.00381900",
        "qty": "14.39000000",
        "quoteQty": "0.05495541",
        "time": 1629627724986,
        "isBuyerMaker": false,
        "isBestMatch": true
    },
    {
        "id": 68526362,
        "price": "0.00381800",
        "qty": "0.09000000",
