[
    {
        "id": 87088669,
        "price": "0.00005521",
        "qty": "46.80000000",
        "quoteQty": "0.00258382",
        "time": 1629986825622,
        "isBuyerMaker": false,
        "isBestMatch": true
    },
    {
        "id": 87088670,
        "price": "0.00005521",
        "qty": "1.70000000",
        "quoteQty": "0.00009385",
        "time": 1629986825697,
        "isBuyerMaker": false,
        "isBestMatch": true
    },
    {
        "id": 87088671,
        "price": "0.00005523",
        "qty": "55.10000000",
        "quoteQty": "0.00304317",
        "time": 1629986829785,
        "isBuyerMaker": false,
        "isBestMatch": true
    },
    {
        "id": 87088672,
        "price": "0.00005521",
        "qty": "81.90000000",
        "quoteQty": "0.00452169",
        "time": 1629986830872,
        "isBuyerMaker": true,
        "isBestMatch": true
    },
    {
        "id": 87088673,
        "price": "0.00005520",
        "qty": "1300.00000000",
        "quoteQty": "0.07176000",
        "time": 1629986830872,
        "isBuyerMaker": true,
        "isBestMatch": true
    },
    {
        "id": 87088674,
        "price": "0.00005520",
        "qty": "957.60000000",
        "quoteQty": "0.05285952",
        "time": 1629986830872,
        "isBuyerMaker": true,
        "isBestMatch": true
    },
    {
        "id": 87088675,
        "price": "0.00005520",
        "qty": "1200.00000000",
        "quoteQty": "0.06624000",
        "time": 1629986830872,
        "isBuyerMaker": true,
        "isBestMatch": true
    },
    {
        "id": 87088676,
        "price": "0.00005519",
        "qty": "902.50000000",
        "quoteQty": "0.04980897",
        "time": 1629986830872,
        "isBuyerMaker": true,
        "isBestMatch": true
    },
    {
        "id": 87088677,
        "price": "0.00005521",
        "qty": "515.60000000",
        "quoteQty": "0.02846627",
        "time": 1629986831441,
        "isBuyerMaker": false,
        "isBestMatch": true
    },
    {
        "id": 87088678,
        "price": "0.00005522",
        "qty": "1200.00000000",
        "quoteQty": "0.06626400",
        "time": 1629986832073,
        "isBuyerMaker": false,
        "isBestMatch": true
    },
    {
        "id": 87088679,
        "price": "0.00005522",
        "qty": "1300.00000000",
        "quoteQty": "0.07178600",
        "time": 1629986832073,
        "isBuyerMaker": false,
        "isBestMatch": true
    },
    {
        "id": 87088680,
        "price": "0.00005523",
        "qty": "500.00000000",
        "quoteQty": "0.02761500",
        "time": 1629986832073,
        "isBuyerMaker": false,
        "isBestMatch": true
    },
    {
        "id": 87088681,
        "price": "0.00005521",
        "qty": "1300.00000000",
        "quoteQty": "0.07177300",
        "time": 1629986832766,
        "isBuyerMaker": false,
        "isBestMatch": true
    },
    {
        "id": 87088682,
        "price": "0.00005521",
        "qty": "58.20000000",
        "quoteQty": "0.00321322",
        "time": 1629986832766,
        "isBuyerMaker": false,
        "isBestMatch": true
    },
    {
        "id": 87088683,
        "price": "0.00005522",
        "qty": "1300.00000000",
        "quoteQty": "0.07178600",
        "time": 1629986832780,
        "isBuyerMaker": false,
        "isBestMatch": true
    },
    {
        "id": 87088684,
        "price": "0.00005522",
        "qty": "1200.00000000",
        "quoteQty": "0.06626400",
        "time": 1629986832780,
        "isBuyerMaker": false,
        "isBestMatch": true
    },
    {
        "id": 87088685,
        "price": "0.00005523",
        "qty": "1200.00000000",
        "quoteQty": "0.06627600",
        "time": 1629986832783,
        "isBuyerMaker": false,
        "isBestMatch": true
    },
    {
        "id": 87088686,
        "price": "0.00005523",
        "qty": "1217.00000000",
        "quoteQty": "0.06721491",
        "time": 1629986833189,
        "isBuyerMaker": true,
        "isBestMatch": true
    },
    {
        "id": 87088687,
        "price": "0.00005523",
        "qty": "143.00000000",
        "quoteQty": "0.00789789",
        "time": 1629986833857,
        "isBuyerMaker": true,
        "isBestMatch": true
    },
    {
        "id": 87088688,
        "price": "0.00005525",
        "qty": "1.80000000",
        "quoteQty": "0.00009945",
        "time": 1629986835216,
        "isBuyerMaker": false,
        "isBestMatch": true
    },
    {
        "id": 87088689,
        "price": "0.00005525",
        "qty": "441.00000000",
        "quoteQty": "0.02436525",
        "time": 1629986835423,
        "isBuyerMaker": false,
        "isBestMatch": true
    },
    {
        "id": 87088690,
        "price": "0.00005524",
        "qty": "99.70000000",
        "quoteQty": "0.00550742",
        "time": 1629986836248,
        "isBuyerMaker": true,
        "isBestMatch": true
    },
    {
        "id": 87088691,
        "price": "0.00005524",
        "qty": "11.80000000",
        "quoteQty": "0.00065183",
        "time": 1629986837231,
        "isBuyerMaker": false,
        "isBestMatch": true
    },
    {
        "id": 87088692,
        "price": "0.00005524",
        "qty": "22.20000000",
        "quoteQty": "0.00122632",
        "time": 1629986839892,
        "isBuyerMaker": false,
        "isBestMatch": true
    },
    {
        "id": 87088693,
        "price": "0.00005524",
        "qty": "293.20000000",
        "quoteQty": "0.01619636",
        "time": 1629986839945,
        "isBuyerMaker": true,
        "isBestMatch": true
    },
    {
        "id": 87088694,
        "price": "0.00005525",
        "qty": "68.00000000",
        "quoteQty": "0.00375700",
        "time": 1629986840969,
        "isBuyerMaker": false,
        "isBestMatch": true
    },
    {
        "id": 87088695,
        "price": "0.00005525",
        "qty": "170.70000000",
        "quoteQty": "0.00943117",
        "time": 1629986841293,
        "isBuyerMaker": true,
        "isBestMatch": true
    },
    {
        "id": 87088696,
        "price": "0.00005526",
        "qty": "68.00000000",
        "quoteQty": "0.00375768",
        "time": 1629986842489,
        "isBuyerMaker": false,
        "isBestMatch": true
    },
    {
        "id": 87088697,
        "price": "0.00005527",
        "qty": "60.00000000",
        "quoteQty": "0.00331620",
        "time": 1629986842489,
        "isBuyerMaker": false,
        "isBestMatch": true
    },
    {
        "id": 87088698,
        "price": "0.00005526",
        "qty": "31.90000000",
        "quoteQty": "0.00176279",
        "time": 1629986843244,
        "isBuyerMaker": true,
        "isBestMatch": true
    },
    {
        "id": 87088699,
        "price": "0.00005526",
        "qty": "36.10000000",
        "quoteQty": "0.00199488",
        "time": 1629986843344,
        "isBuyerMaker": true,
        "isBestMatch": true
    },
    {
        "id": 87088700,
        "price": "0.00005526",
        "qty": "102.70000000",
        "quoteQty": "0.00567520",
        "time": 1629986843344,
        "isBuyerMaker": true,
        "isBestMatch": true
    },
    {
        "id": 87088701,
        "price": "0.00005526",
        "qty": "144.50000000",
        "quoteQty": "0.00798507",
        "time": 1629986843966,
        "isBuyerMaker": true,
        "isBestMatch": true
    },
    {
        "id": 87088702,
        "price": "0.00005526",
        "qty": "1155.50000000",
        "quoteQty": "0.06385293",
        "time": 1629986843975,
        "isBuyerMaker": true,
        "isBestMatch": true
    },
    {
        "id": 87088703,
        "price": "0.00005526",
        "qty": "673.50000000",
        "quoteQty": "0.03721761",
        "time": 1629986843975,
        "isBuyerMaker": true,
        "isBestMatch": true
    },
    {
        "id": 87088704,
        "price": "0.00005526",
        "qty": "58.00000000",
        "quoteQty": "0.00320508",
        "time": 1629986843987,
        "isBuyerMaker": true,
        "isBestMatch": true
    },
    {
        "id": 87088705,
        "price": "0.00005526",
        "qty": "225.40000000",
        "quoteQty": "0.01245560",
        "time": 1629986843988,
        "isBuyerMaker": true,
        "isBestMatch": true
    },
    {
        "id": 87088706,
        "price": "0.00005525",
        "qty": "1029.30000000",
        "quoteQty": "0.05686882",
        "time": 1629986844335,
        "isBuyerMaker": true,
        "isBestMatch": true
    },
    {
        "id": 87088707,
        "price": "0.00005525",
        "qty": "1300.00000000",
        "quoteQty": "0.07182500",
        "time": 1629986844335,
        "isBuyerMaker": true,
        "isBestMatch": true
    },
    {
        "id": 87088708,
        "price": "0.00005525",
        "qty": "957.00000000",
        "quoteQty": "0.05287425",
        "time": 1629986844335,
        "isBuyerMaker": true,
        "isBestMatch": true
    },
    {
        "id": 87088709,
        "price": "0.00005525",
        "qty": "68.00000000",
        "quoteQty": "0.00375700",
        "time": 1629986844335,
        "isBuyerMaker": true,
        "isBestMatch": true
    },
    {
        "id": 87088710,
        "price": "0.00005525",
        "qty": "15.70000000",
        "quoteQty": "0.00086742",
        "time": 1629986844335,
        "isBuyerMaker": true,
        "isBestMatch": true
    },
    {
        "id": 87088711,
        "price": "0.00005525",
        "qty": "0.40000000",
        "quoteQty": "0.00002210",
        "time": 1629986844346,
        "isBuyerMaker": true,
        "isBestMatch": true
    },
    {
        "id": 87088712,
        "price": "0.00005524",
        "qty": "906.80000000",
        "quoteQty": "0.05009163",
        "time": 1629986844346,
        "isBuyerMaker": true,
        "isBestMatch": true
    },
    {
        "id": 87088713,
        "price": "0.00005524",
        "qty": "192.40000000",
        "quoteQty": "0.01062817",
        "time": 1629986844346,
        "isBuyerMaker": true,
        "isBestMatch": true
    },
    {
        "id": 87088714,
        "price": "0.00005524",
        "qty": "68.00000000",
        "quoteQty": "0.00375632",
        "time": 1629986844346,
        "isBuyerMaker": true,
        "isBestMatch": true
    },
    {
        "id": 87088715,
        "price": "0.00005524",
        "qty": "4888.40000000",
        "quoteQty": "0.27003521",
        "time": 1629986844346,
        "isBuyerMaker": true,
        "isBestMatch": true
    },
    {
        "id": 87088716,
        "price": "0.00005524",
        "qty": "34.00000000",
        "quoteQty": "0.00187816",
        "time": 1629986845539,
        "isBuyerMaker": false,
        "isBestMatch": true
    },
    {
        "id": 87088717,
        "price": "0.00005525",
        "qty": "34.00000000",
        "quoteQty": "0.00187850",
        "time": 1629986845888,
        "isBuyerMaker": false,
        "isBestMatch": true
    },
    {
        "id": 87088718,
        "price": "0.00005525",
        "qty": "34.00000000",
        "quoteQty": "0.00187850",
        "time": 1629986845888,
        "isBuyerMaker": false,
        "isBestMatch": true
    },
    {
        "id": 87088719,
        "price": "0.00005525",
        "qty": "210.00000000",
        "quoteQty": "0.01160250",
        "time": 1629986845990,
        "isBuyerMaker": false,
        "isBestMatch": true
    },
    {
        "id": 87088720,
        "price": "0.00005525",
        "qty": "206.00000000",
        "quoteQty": "0.01138150",
        "time": 1629986846072,
        "isBuyerMaker": true,
        "isBestMatch": true
    },
    {
        "id": 87088721,
        "price": "0.00005525",
        "qty": "68.00000000",
        "quoteQty": "0.00375700",
        "time": 1629986846517,
        "isBuyerMaker": true,
        "isBestMatch": true
    },
    {
        "id": 87088722,
        "price": "0.00005525",
        "qty": "51.30000000",
        "quoteQty": "0.00283432",
        "time": 1629986846517,
        "isBuyerMaker": true,
        "isBestMatch": true
    },
    {
        "id": 87088723,
        "price": "0.00005525",
        "qty": "51.10000000",
        "quoteQty": "0.00282327",
        "time": 1629986847288,
        "isBuyerMaker": true,
        "isBestMatch": true
    },
    {
        "id": 87088724,
        "price": "0.00005525",
        "qty": "85.80000000",
        "quoteQty": "0.00474045",
        "time": 1629986847288,
        "isBuyerMaker": true,
        "isBestMatch": true
    },
    {
        "id": 87088725,
        "price": "0.00005525",
        "qty": "1200.00000000",
        "quoteQty": "0.06630000",
        "time": 1629986847337,
        "isBuyerMaker": false,
        "isBestMatch": true
    },
    {
        "id": 87088726,
        "price": "0.00005525",
        "qty": "34.10000000",
        "quoteQty": "0.00188402",
        "time": 1629986847337,
        "isBuyerMaker": false,
        "isBestMatch": true
    },
    {
        "id": 87088727,
        "price": "0.00005525",
        "qty": "1007.40000000",
        "quoteQty": "0.05565885",
        "time": 1629986847482,
        "isBuyerMaker": false,
        "isBestMatch": true
    },
    {
        "id": 87088728,
        "price": "0.00005526",
        "qty": "34.00000000",
        "quoteQty": "0.00187884",
        "time": 1629986849219,
        "isBuyerMaker": false,
        "isBestMatch": true
    },
    {
        "id": 87088729,
        "price": "0.00005526",
        "qty": "34.00000000",
        "quoteQty": "0.00187884",
        "time": 1629986849219,
        "isBuyerMaker": false,
        "isBestMatch": true
    },
    {
        "id": 87088730,
        "price": "0.00005526",
        "qty": "211.70000000",
        "quoteQty": "0.01169854",
        "time": 1629986849219,
        "isBuyerMaker": false,
        "isBestMatch": true
    },
    {
        "id": 87088731,
        "price": "0.00005525",
        "qty": "68.00000000",
        "quoteQty": "0.00375700",
        "time": 1629986849329,
        "isBuyerMaker": true,
        "isBestMatch": true
    },
    {
        "id": 87088732,
        "price": "0.00005525",
        "qty": "24.10000000",
        "quoteQty": "0.00133152",
        "time": 1629986849329,
        "isBuyerMaker": true,
        "isBestMatch": true
    },
    {
        "id": 87088733,
        "price": "0.00005525",
        "qty": "333.60000000",
        "quoteQty": "0.01843140",
        "time": 1629986849336,
        "isBuyerMaker": true,
        "isBestMatch": true
    },
    {
        "id": 87088734,
        "price": "0.00005526",
        "qty": "1088.30000000",
        "quoteQty": "0.06013945",
        "time": 1629986850566,
        "isBuyerMaker": false,
        "isBestMatch": true
    },
    {
        "id": 87088735,
        "price": "0.00005527",
        "qty": "2530.40000000",
        "quoteQty": "0.13985520",
        "time": 1629986850566,
        "isBuyerMaker": false,
        "isBestMatch": true
    },
    {
        "id": 87088736,
        "price": "0.00005526",
        "qty": "68.00000000",
        "quoteQty": "0.00375768",
        "time": 1629986851387,
        "isBuyerMaker": true,
        "isBestMatch": true
    },
    {
        "id": 87088737,
        "price": "0.00005526",
        "qty": "86.10000000",
        "quoteQty": "0.00475788",
        "time": 1629986851387,
        "isBuyerMaker": true,
        "isBestMatch": true
    },
    {
        "id": 87088738,
        "price": "0.00005527",
        "qty": "413.00000000",
        "quoteQty": "0.02282651",
        "time": 1629986852185,
        "isBuyerMaker": false,
        "isBestMatch": true
    },
    {
        "id": 87088739,
        "price": "0.00005526",
        "qty": "11.50000000",
        "quoteQty": "0.00063549",
        "time": 1629986852587,
        "isBuyerMaker": true,
        "isBestMatch": true
    },
    {
        "id": 87088740,
        "price": "0.00005527",
        "qty": "2.70000000",
        "quoteQty": "0.00014922",
        "time": 1629986852828,
        "isBuyerMaker": false,
        "isBestMatch": true
    },
    {
        "id": 87088741,
        "price": "0.00005526",
        "qty": "90.30000000",
        "quoteQty": "0.00498997",
        "time": 1629986858949,
        "isBuyerMaker": true,
        "isBestMatch": true
    },
    {
        "id": 87088742,
        "price": "0.00005527",
        "qty": "22.50000000",
        "quoteQty": "0.00124357",
        "time": 1629986859358,
        "isBuyerMaker": false,
        "isBestMatch": true
    },
    {
        "id": 87088743,
        "price": "0.00005526",
        "qty": "90.20000000",
        "quoteQty": "0.00498445",
        "time": 1629986860953,
        "isBuyerMaker": true,
        "isBestMatch": true
    },
    {
        "id": 87088744,
        "price": "0.00005525",
        "qty": "68.00000000",
        "quoteQty": "0.00375700",
        "time": 1629986861946,
        "isBuyerMaker": true,
        "isBestMatch": true
    },
    {
        "id": 87088745,
        "price": "0.00005525",
        "qty": "22.20000000",
        "quoteQty": "0.00122655",
        "time": 1629986861946,
        "isBuyerMaker": true,
        "isBestMatch": true
    },
    {
        "id": 87088746,
        "price": "0.00005527",
        "qty": "4719.00000000",
        "quoteQty": "0.26081913",
        "time": 1629986862305,
        "isBuyerMaker": false,
        "isBestMatch": true
    },
    {
        "id": 87088747,
        "price": "0.00005526",
        "qty": "3.00000000",
        "quoteQty": "0.00016578",
        "time": 1629986863773,
        "isBuyerMaker": false,
        "isBestMatch": true
    },
    {
        "id": 87088748,
        "price": "0.00005526",
        "qty": "44.10000000",
        "quoteQty": "0.00243696",
        "time": 1629986863879,
        "isBuyerMaker": false,
        "isBestMatch": true
    },
    {
        "id": 87088749,
        "price": "0.00005527",
        "qty": "30656.80000000",
        "quoteQty": "1.69440133",
        "time": 1629986863879,
        "isBuyerMaker": false,
        "isBestMatch": true
    },
    {
        "id": 87088750,
        "price": "0.00005525",
        "qty": "430.70000000",
        "quoteQty": "0.02379617",
        "time": 1629986865347,
        "isBuyerMaker": true,
        "isBestMatch": true
    },
    {
        "id": 87088751,
        "price": "0.00005527",
        "qty": "28.90000000",
        "quoteQty": "0.00159730",
        "time": 1629986867439,
        "isBuyerMaker": false,
        "isBestMatch": true
    },
    {
        "id": 87088752,
        "price": "0.00005527",
        "qty": "6250.00000000",
        "quoteQty": "0.34543750",
        "time": 1629986867895,
        "isBuyerMaker": false,
        "isBestMatch": true
    },
    {
        "id": 87088753,
        "price": "0.00005527",
        "qty": "6250.00000000",
        "quoteQty": "0.34543750",
        "time": 1629986867903,
        "isBuyerMaker": false,
        "isBestMatch": true
    },
    {
        "id": 87088754,
        "price": "0.00005527",
        "qty": "37500.00000000",
        "quoteQty": "2.07262500",
        "time": 1629986867905,
        "isBuyerMaker": false,
        "isBestMatch": true
    },
    {
        "id": 87088755,
        "price": "0.00005527",
        "qty": "6250.00000000",
        "quoteQty": "0.34543750",
        "time": 1629986867911,
        "isBuyerMaker": false,
        "isBestMatch": true
    },
    {
        "id": 87088756,
        "price": "0.00005527",
        "qty": "27750.00000000",
        "quoteQty": "1.53374250",
        "time": 1629986867912,
        "isBuyerMaker": false,
        "isBestMatch": true
    },
    {
        "id": 87088757,
        "price": "0.00005527",
        "qty": "69068.40000000",
        "quoteQty": "3.81741046",
        "time": 1629986868000,
        "isBuyerMaker": false,
        "isBestMatch": true
    },
    {
        "id": 87088758,
        "price": "0.00005527",
        "qty": "20705.30000000",
        "quoteQty": "1.14438193",
        "time": 1629986868100,
        "isBuyerMaker": false,
        "isBestMatch": true
    },
    {
        "id": 87088759,
        "price": "0.00005527",
        "qty": "6191.50000000",
        "quoteQty": "0.34220420",
        "time": 1629986868497,
        "isBuyerMaker": false,
        "isBestMatch": true
    },
    {
        "id": 87088760,
        "price": "0.00005527",
        "qty": "1857.50000000",
        "quoteQty": "0.10266402",
        "time": 1629986868596,
        "isBuyerMaker": false,
        "isBestMatch": true
    },
    {
        "id": 87088761,
        "price": "0.00005527",
        "qty": "2076.30000000",
        "quoteQty": "0.11475710",
        "time": 1629986868882,
        "isBuyerMaker": false,
        "isBestMatch": true
    },
    {
        "id": 87088762,
        "price": "0.00005527",
        "qty": "1178.80000000",
        "quoteQty": "0.06515227",
        "time": 1629986868889,
        "isBuyerMaker": false,
        "isBestMatch": true
    },
    {
        "id": 87088763,
        "price": "0.00005527",
        "qty": "18.00000000",
        "quoteQty": "0.00099486",
        "time": 1629986868942,
        "isBuyerMaker": false,
        "isBestMatch": true
    },
    {
        "id": 87088764,
        "price": "0.00005527",
        "qty": "3528.20000000",
        "quoteQty": "0.19500361",
        "time": 1629986868985,
        "isBuyerMaker": false,
        "isBestMatch": true
    },
    {
        "id": 87088765,
        "price": "0.00005527",
        "qty": "1417.20000000",
        "quoteQty": "0.07832864",
        "time": 1629986868994,
        "isBuyerMaker": false,
        "isBestMatch": true
    },
    {
        "id": 87088766,
        "price": "0.00005527",
        "qty": "3562.80000000",
        "quoteQty": "0.19691595",
        "time": 1629986869038,
        "isBuyerMaker": false,
        "isBestMatch": true
    },
    {
        "id": 87088767,
        "price": "0.00005527",
        "qty": "960.50000000",
        "quoteQty": "0.05308683",
        "time": 1629986869088,
        "isBuyerMaker": false,
        "isBestMatch": true
    },
    {
        "id": 87088768,
        "price": "0.00005527",
        "qty": "1493.20000000",
        "quoteQty": "0.08252916",
        "time": 1629986869102,
        "isBuyerMaker": false,
        "isBestMatch": true
    },
    {
        "id": 87088769,
        "price": "0.00005527",
        "qty": "536.40000000",
        "quoteQty": "0.02964682",
        "time": 1629986869212,
        "isBuyerMaker": false,
        "isBestMatch": true
    },
    {
        "id": 87088770,
        "price": "0.00005527",
        "qty": "9250.00000000",
        "quoteQty": "0.51124750",
        "time": 1629986869215,
        "isBuyerMaker": false,
        "isBestMatch": true
    },
    {
        "id": 87088771,
        "price": "0.00005527",
        "qty": "3823.50000000",
        "quoteQty": "0.21132484",
        "time": 1629986869218,
        "isBuyerMaker": false,
        "isBestMatch": true
    },
    {
        "id": 87088772,
        "price": "0.00005527",
        "qty": "896.30000000",
        "quoteQty": "0.04953850",
        "time": 1629986869224,
        "isBuyerMaker": false,
        "isBestMatch": true
    },
    {
        "id": 87088773,
        "price": "0.00005527",
        "qty": "9250.00000000",
        "quoteQty": "0.51124750",
        "time": 1629986869226,
        "isBuyerMaker": false,
        "isBestMatch": true
    },
    {
        "id": 87088774,
        "price": "0.00005527",
        "qty": "9250.00000000",
        "quoteQty": "0.51124750",
        "time": 1629986869232,
        "isBuyerMaker": false,
        "isBestMatch": true
    },
    {
        "id": 87088775,
        "price": "0.00005527",
        "qty": "6250.00000000",
        "quoteQty": "0.34543750",
        "time": 1629986869233,
        "isBuyerMaker": false,
        "isBestMatch": true
    },
    {
        "id": 87088776,
        "price": "0.00005527",
        "qty": "6250.00000000",
        "quoteQty": "0.34543750",
        "time": 1629986869234,
        "isBuyerMaker": false,
        "isBestMatch": true
    },
    {
        "id": 87088777,
        "price": "0.00005527",
        "qty": "9250.00000000",
        "quoteQty": "0.51124750",
        "time": 1629986869236,
        "isBuyerMaker": false,
        "isBestMatch": true
    },
    {
        "id": 87088778,
        "price": "0.00005527",
        "qty": "96.00000000",
        "quoteQty": "0.00530592",
        "time": 1629986869239,
        "isBuyerMaker": false,
        "isBestMatch": true
    },
    {
        "id": 87088779,
        "price": "0.00005527",
        "qty": "18750.00000000",
        "quoteQty": "1.03631250",
        "time": 1629986869244,
        "isBuyerMaker": false,
        "isBestMatch": true
    },
    {
        "id": 87088780,
        "price": "0.00005527",
        "qty": "6250.00000000",
        "quoteQty": "0.34543750",
        "time": 1629986869245,
        "isBuyerMaker": false,
        "isBestMatch": true
    },
    {
        "id": 87088781,
        "price": "0.00005527",
        "qty": "2560.00000000",
        "quoteQty": "0.14149120",
        "time": 1629986869254,
        "isBuyerMaker": false,
        "isBestMatch": true
    },
    {
        "id": 87088782,
        "price": "0.00005527",
        "qty": "43.60000000",
        "quoteQty": "0.00240977",
        "time": 1629986869292,
        "isBuyerMaker": false,
        "isBestMatch": true
    },
    {
        "id": 87088783,
        "price": "0.00005527",
        "qty": "259.60000000",
        "quoteQty": "0.01434809",
        "time": 1629986869332,
        "isBuyerMaker": false,
        "isBestMatch": true
    },
    {
        "id": 87088784,
        "price": "0.00005527",
        "qty": "3807.70000000",
        "quoteQty": "0.21045157",
        "time": 1629986869333,
        "isBuyerMaker": false,
        "isBestMatch": true
    },
    {
        "id": 87088785,
        "price": "0.00005527",
        "qty": "5749.70000000",
        "quoteQty": "0.31778591",
        "time": 1629986869340,
        "isBuyerMaker": false,
        "isBestMatch": true
    },
    {
        "id": 87088786,
        "price": "0.00005527",
        "qty": "3812.20000000",
        "quoteQty": "0.21070029",
        "time": 1629986869381,
        "isBuyerMaker": false,
        "isBestMatch": true
    },
    {
        "id": 87088787,
        "price": "0.00005527",
        "qty": "1300.00000000",
        "quoteQty": "0.07185100",
        "time": 1629986869400,
        "isBuyerMaker": false,
        "isBestMatch": true
    },
    {
        "id": 87088788,
        "price": "0.00005527",
        "qty": "426.10000000",
        "quoteQty": "0.02355054",
        "time": 1629986869432,
        "isBuyerMaker": false,
        "isBestMatch": true
    },
    {
        "id": 87088789,
        "price": "0.00005527",
        "qty": "191.20000000",
        "quoteQty": "0.01056762",
        "time": 1629986869432,
        "isBuyerMaker": false,
        "isBestMatch": true
    },
    {
        "id": 87088790,
        "price": "0.00005527",
        "qty": "409.00000000",
        "quoteQty": "0.02260543",
        "time": 1629986869437,
        "isBuyerMaker": false,
        "isBestMatch": true
    },
    {
        "id": 87088791,
        "price": "0.00005527",
        "qty": "380.00000000",
        "quoteQty": "0.02100260",
        "time": 1629986869486,
        "isBuyerMaker": false,
        "isBestMatch": true
    },
    {
        "id": 87088792,
        "price": "0.00005527",
        "qty": "382.60000000",
        "quoteQty": "0.02114630",
        "time": 1629986869488,
        "isBuyerMaker": false,
        "isBestMatch": true
    },
    {
        "id": 87088793,
        "price": "0.00005527",
        "qty": "3822.80000000",
        "quoteQty": "0.21128615",
        "time": 1629986869518,
        "isBuyerMaker": false,
        "isBestMatch": true
    },
    {
        "id": 87088794,
        "price": "0.00005527",
        "qty": "57.10000000",
        "quoteQty": "0.00315591",
        "time": 1629986869574,
        "isBuyerMaker": false,
        "isBestMatch": true
    },
    {
        "id": 87088795,
        "price": "0.00005527",
        "qty": "638.30000000",
        "quoteQty": "0.03527884",
        "time": 1629986869589,
        "isBuyerMaker": false,
        "isBestMatch": true
    },
    {
        "id": 87088796,
        "price": "0.00005527",
        "qty": "3586.90000000",
        "quoteQty": "0.19824796",
        "time": 1629986869688,
        "isBuyerMaker": false,
        "isBestMatch": true
    },
    {
        "id": 87088797,
        "price": "0.00005527",
        "qty": "237.50000000",
        "quoteQty": "0.01312662",
        "time": 1629986869732,
        "isBuyerMaker": false,
        "isBestMatch": true
    },
    {
        "id": 87088798,
        "price": "0.00005527",
        "qty": "81.20000000",
        "quoteQty": "0.00448792",
        "time": 1629986869785,
        "isBuyerMaker": false,
        "isBestMatch": true
    },
    {
        "id": 87088799,
        "price": "0.00005527",
        "qty": "467.20000000",
        "quoteQty": "0.02582214",
        "time": 1629986869835,
        "isBuyerMaker": false,
        "isBestMatch": true
    },
    {
        "id": 87088800,
        "price": "0.00005527",
        "qty": "98.60000000",
        "quoteQty": "0.00544962",
        "time": 1629986869886,
        "isBuyerMaker": false,
        "isBestMatch": true
    },
    {
        "id": 87088801,
        "price": "0.00005527",
        "qty": "419.50000000",
        "quoteQty": "0.02318576",
        "time": 1629986870266,
        "isBuyerMaker": false,
        "isBestMatch": true
    },
    {
        "id": 87088802,
        "price": "0.00005527",
        "qty": "3285.30000000",
        "quoteQty": "0.18157853",
        "time": 1629986870684,
        "isBuyerMaker": false,
        "isBestMatch": true
    },
    {
        "id": 87088803,
        "price": "0.00005527",
        "qty": "1579.90000000",
        "quoteQty": "0.08732107",
        "time": 1629986870741,
        "isBuyerMaker": false,
        "isBestMatch": true
    },
    {
        "id": 87088804,
        "price": "0.00005527",
        "qty": "550.00000000",
        "quoteQty": "0.03039850",
        "time": 1629986870987,
        "isBuyerMaker": false,
        "isBestMatch": true
    },
    {
        "id": 87088805,
        "price": "0.00005527",
        "qty": "3.60000000",
        "quoteQty": "0.00019897",
        "time": 1629986871385,
        "isBuyerMaker": false,
        "isBestMatch": true
    },
    {
        "id": 87088806,
        "price": "0.00005527",
        "qty": "493.30000000",
        "quoteQty": "0.02726469",
        "time": 1629986871411,
        "isBuyerMaker": false,
        "isBestMatch": true
    },
    {
        "id": 87088807,
        "price": "0.00005527",
        "qty": "279.30000000",
        "quoteQty": "0.01543691",
        "time": 1629986871434,
        "isBuyerMaker": false,
        "isBestMatch": true
    },
    {
        "id": 87088808,
        "price": "0.00005527",
        "qty": "3609.90000000",
        "quoteQty": "0.19951917",
        "time": 1629986871435,
        "isBuyerMaker": false,
        "isBestMatch": true
    },
    {
        "id": 87088809,
        "price": "0.00005527",
        "qty": "33.00000000",
        "quoteQty": "0.00182391",
        "time": 1629986871440,
        "isBuyerMaker": false,
        "isBestMatch": true
    },
    {
        "id": 87088810,
        "price": "0.00005527",
        "qty": "94.70000000",
        "quoteQty": "0.00523406",
        "time": 1629986871456,
        "isBuyerMaker": false,
        "isBestMatch": true
    },
    {
        "id": 87088811,
        "price": "0.00005527",
        "qty": "95.50000000",
        "quoteQty": "0.00527828",
        "time": 1629986871737,
        "isBuyerMaker": false,
        "isBestMatch": true
    },
    {
        "id": 87088812,
        "price": "0.00005527",
        "qty": "3966.30000000",
        "quoteQty": "0.21921740",
        "time": 1629986871885,
        "isBuyerMaker": false,
        "isBestMatch": true
    },
    {
        "id": 87088813,
        "price": "0.00005527",
        "qty": "3797.70000000",
        "quoteQty": "0.20989887",
        "time": 1629986871942,
        "isBuyerMaker": false,
        "isBestMatch": true
    },
    {
        "id": 87088814,
        "price": "0.00005527",
        "qty": "1021.40000000",
        "quoteQty": "0.05645277",
        "time": 1629986872036,
        "isBuyerMaker": false,
        "isBestMatch": true
    },
    {
        "id": 87088815,
        "price": "0.00005527",
        "qty": "261.40000000",
        "quoteQty": "0.01444757",
        "time": 1629986872385,
        "isBuyerMaker": false,
        "isBestMatch": true
    },
    {
        "id": 87088816,
        "price": "0.00005527",
        "qty": "3812.00000000",
        "quoteQty": "0.21068924",
        "time": 1629986872758,
        "isBuyerMaker": false,
        "isBestMatch": true
    },
    {
        "id": 87088817,
        "price": "0.00005527",
        "qty": "15.70000000",
        "quoteQty": "0.00086773",
        "time": 1629986872923,
        "isBuyerMaker": false,
        "isBestMatch": true
    },
    {
        "id": 87088818,
        "price": "0.00005527",
        "qty": "434.40000000",
        "quoteQty": "0.02400928",
        "time": 1629986873323,
        "isBuyerMaker": false,
        "isBestMatch": true
    },
    {
        "id": 87088819,
        "price": "0.00005526",
        "qty": "1.90000000",
        "quoteQty": "0.00010499",
        "time": 1629986873682,
        "isBuyerMaker": true,
        "isBestMatch": true
    },
    {
        "id": 87088820,
        "price": "0.00005527",
        "qty": "8768.00000000",
        "quoteQty": "0.48460736",
        "time": 1629986873754,
        "isBuyerMaker": false,
        "isBestMatch": true
    },
    {
        "id": 87088821,
        "price": "0.00005527",
        "qty": "40.00000000",
        "quoteQty": "0.00221080",
        "time": 1629986873931,
        "isBuyerMaker": false,
        "isBestMatch": true
    },
    {
        "id": 87088822,
        "price": "0.00005527",
        "qty": "346.20000000",
        "quoteQty": "0.01913447",
        "time": 1629986874081,
        "isBuyerMaker": false,
        "isBestMatch": true
    },
    {
        "id": 87088823,
        "price": "0.00005527",
        "qty": "3383.60000000",
        "quoteQty": "0.18701157",
        "time": 1629986874430,
        "isBuyerMaker": false,
        "isBestMatch": true
    },
    {
        "id": 87088824,
        "price": "0.00005527",
        "qty": "3824.90000000",
        "quoteQty": "0.21140222",
        "time": 1629986874484,
        "isBuyerMaker": false,
        "isBestMatch": true
    },
    {
        "id": 87088825,
        "price": "0.00005527",
        "qty": "3754.40000000",
        "quoteQty": "0.20750568",
        "time": 1629986874486,
        "isBuyerMaker": false,
        "isBestMatch": true
    },
    {
        "id": 87088826,
        "price": "0.00005527",
        "qty": "2156.80000000",
        "quoteQty": "0.11920633",
        "time": 1629986874879,
        "isBuyerMaker": false,
        "isBestMatch": true
    },
    {
        "id": 87088827,
        "price": "0.00005527",
        "qty": "3456.00000000",
        "quoteQty": "0.19101312",
        "time": 1629986875381,
        "isBuyerMaker": false,
        "isBestMatch": true
    },
    {
        "id": 87088828,
        "price": "0.00005527",
        "qty": "67.00000000",
        "quoteQty": "0.00370309",
        "time": 1629986875457,
        "isBuyerMaker": false,
        "isBestMatch": true
    },
    {
        "id": 87088829,
        "price": "0.00005527",
        "qty": "22.00000000",
        "quoteQty": "0.00121594",
        "time": 1629986875942,
        "isBuyerMaker": false,
        "isBestMatch": true
    },
    {
        "id": 87088830,
        "price": "0.00005527",
        "qty": "111.80000000",
        "quoteQty": "0.00617918",
        "time": 1629986876194,
        "isBuyerMaker": false,
        "isBestMatch": true
    },
    {
        "id": 87088831,
        "price": "0.00005527",
        "qty": "1500.00000000",
        "quoteQty": "0.08290500",
        "time": 1629986876557,
        "isBuyerMaker": false,
        "isBestMatch": true
    },
    {
        "id": 87088832,
        "price": "0.00005527",
        "qty": "3826.30000000",
        "quoteQty": "0.21147960",
        "time": 1629986876870,
        "isBuyerMaker": false,
        "isBestMatch": true
    },
    {
        "id": 87088833,
        "price": "0.00005527",
        "qty": "3348.20000000",
        "quoteQty": "0.18505501",
        "time": 1629986877439,
        "isBuyerMaker": false,
        "isBestMatch": true
    },
    {
        "id": 87088834,
        "price": "0.00005527",
        "qty": "3826.00000000",
        "quoteQty": "0.21146302",
        "time": 1629986877473,
        "isBuyerMaker": false,
        "isBestMatch": true
    },
    {
        "id": 87088835,
        "price": "0.00005527",
        "qty": "3062.30000000",
        "quoteQty": "0.16925332",
        "time": 1629986877484,
        "isBuyerMaker": false,
        "isBestMatch": true
    },
    {
        "id": 87088836,
        "price": "0.00005527",
        "qty": "120.10000000",
        "quoteQty": "0.00663792",
        "time": 1629986877647,
        "isBuyerMaker": false,
        "isBestMatch": true
    },
    {
        "id": 87088837,
        "price": "0.00005527",
        "qty": "348.80000000",
        "quoteQty": "0.01927817",
        "time": 1629986877983,
        "isBuyerMaker": false,
        "isBestMatch": true
    },
    {
        "id": 87088838,
        "price": "0.00005527",
        "qty": "5.50000000",
        "quoteQty": "0.00030398",
        "time": 1629986878221,
        "isBuyerMaker": false,
        "isBestMatch": true
    },
    {
        "id": 87088839,
        "price": "0.00005527",
        "qty": "1957.60000000",
        "quoteQty": "0.10819655",
        "time": 1629986878291,
        "isBuyerMaker": false,
        "isBestMatch": true
    },
    {
        "id": 87088840,
        "price": "0.00005527",
        "qty": "45.00000000",
        "quoteQty": "0.00248715",
        "time": 1629986880037,
        "isBuyerMaker": false,
        "isBestMatch": true
    },
    {
        "id": 87088841,
        "price": "0.00005527",
        "qty": "157.20000000",
        "quoteQty": "0.00868844",
        "time": 1629986880085,
        "isBuyerMaker": false,
        "isBestMatch": true
    },
    {
        "id": 87088842,
        "price": "0.00005527",
        "qty": "3825.60000000",
        "quoteQty": "0.21144091",
        "time": 1629986880121,
        "isBuyerMaker": false,
        "isBestMatch": true
    },
    {
        "id": 87088843,
        "price": "0.00005527",
        "qty": "108.50000000",
        "quoteQty": "0.00599679",
        "time": 1629986880183,
        "isBuyerMaker": false,
        "isBestMatch": true
    },
    {
        "id": 87088844,
        "price": "0.00005527",
        "qty": "366.20000000",
        "quoteQty": "0.02023987",
        "time": 1629986880944,
        "isBuyerMaker": false,
        "isBestMatch": true
    },
    {
        "id": 87088845,
        "price": "0.00005527",
        "qty": "1809.20000000",
        "quoteQty": "0.09999448",
        "time": 1629986881001,
        "isBuyerMaker": false,
        "isBestMatch": true
    },
    {
        "id": 87088846,
        "price": "0.00005527",
        "qty": "676.20000000",
        "quoteQty": "0.03737357",
        "time": 1629986881046,
        "isBuyerMaker": false,
        "isBestMatch": true
    },
    {
        "id": 87088847,
        "price": "0.00005527",
        "qty": "2.00000000",
        "quoteQty": "0.00011054",
        "time": 1629986881264,
        "isBuyerMaker": false,
        "isBestMatch": true
    },
    {
        "id": 87088848,
        "price": "0.00005527",
        "qty": "3289.60000000",
        "quoteQty": "0.18181619",
        "time": 1629986881292,
        "isBuyerMaker": false,
        "isBestMatch": true
    },
    {
        "id": 87088849,
        "price": "0.00005527",
        "qty": "3624.00000000",
        "quoteQty": "0.20029848",
        "time": 1629986881343,
        "isBuyerMaker": false,
        "isBestMatch": true
    },
    {
        "id": 87088850,
        "price": "0.00005527",
        "qty": "199.50000000",
        "quoteQty": "0.01102636",
        "time": 1629986881391,
        "isBuyerMaker": false,
        "isBestMatch": true
    },
    {
        "id": 87088851,
        "price": "0.00005527",
        "qty": "534.40000000",
        "quoteQty": "0.02953628",
        "time": 1629986883288,
        "isBuyerMaker": false,
        "isBestMatch": true
    },
    {
        "id": 87088852,
        "price": "0.00005527",
        "qty": "2.90000000",
        "quoteQty": "0.00016028",
        "time": 1629986883334,
        "isBuyerMaker": false,
        "isBestMatch": true
    },
    {
        "id": 87088853,
        "price": "0.00005527",
        "qty": "3801.20000000",
        "quoteQty": "0.21009232",
        "time": 1629986883335,
        "isBuyerMaker": false,
        "isBestMatch": true
    },
    {
        "id": 87088854,
        "price": "0.00005527",
        "qty": "18.60000000",
        "quoteQty": "0.00102802",
        "time": 1629986883385,
        "isBuyerMaker": false,
        "isBestMatch": true
    },
    {
        "id": 87088855,
        "price": "0.00005527",
        "qty": "126.90000000",
        "quoteQty": "0.00701376",
        "time": 1629986883387,
        "isBuyerMaker": false,
        "isBestMatch": true
    },
    {
        "id": 87088856,
        "price": "0.00005527",
        "qty": "148.60000000",
        "quoteQty": "0.00821312",
        "time": 1629986883584,
        "isBuyerMaker": false,
        "isBestMatch": true
    },
    {
        "id": 87088857,
        "price": "0.00005527",
        "qty": "203.90000000",
        "quoteQty": "0.01126955",
        "time": 1629986883781,
        "isBuyerMaker": false,
        "isBestMatch": true
    },
    {
        "id": 87088858,
        "price": "0.00005527",
        "qty": "952.20000000",
        "quoteQty": "0.05262809",
        "time": 1629986883790,
        "isBuyerMaker": false,
        "isBestMatch": true
    },
    {
        "id": 87088859,
        "price": "0.00005527",
        "qty": "108.70000000",
        "quoteQty": "0.00600784",
        "time": 1629986883822,
        "isBuyerMaker": false,
        "isBestMatch": true
    },
    {
        "id": 87088860,
        "price": "0.00005527",
        "qty": "3487.40000000",
        "quoteQty": "0.19274859",
        "time": 1629986883838,
        "isBuyerMaker": false,
        "isBestMatch": true
    },
    {
        "id": 87088861,
        "price": "0.00005527",
        "qty": "769.20000000",
        "quoteQty": "0.04251368",
        "time": 1629986883885,
        "isBuyerMaker": false,
        "isBestMatch": true
    },
    {
        "id": 87088862,
        "price": "0.00005527",
        "qty": "1108.90000000",
        "quoteQty": "0.06128890",
        "time": 1629986883900,
        "isBuyerMaker": false,
        "isBestMatch": true
    },
    {
        "id": 87088863,
        "price": "0.00005527",
        "qty": "3718.20000000",
        "quoteQty": "0.20550491",
        "time": 1629986883938,
        "isBuyerMaker": false,
        "isBestMatch": true
    },
    {
        "id": 87088864,
        "price": "0.00005527",
        "qty": "118.90000000",
        "quoteQty": "0.00657160",
        "time": 1629986883985,
        "isBuyerMaker": false,
        "isBestMatch": true
    },
    {
        "id": 87088865,
        "price": "0.00005527",
        "qty": "2071.60000000",
        "quoteQty": "0.11449733",
        "time": 1629986883987,
        "isBuyerMaker": false,
        "isBestMatch": true
    },
    {
        "id": 87088866,
        "price": "0.00005527",
        "qty": "3964.40000000",
        "quoteQty": "0.21911238",
        "time": 1629986884037,
        "isBuyerMaker": false,
        "isBestMatch": true
    },
    {
        "id": 87088867,
        "price": "0.00005527",
        "qty": "16.10000000",
        "quoteQty": "0.00088984",
        "time": 1629986884046,
        "isBuyerMaker": false,
        "isBestMatch": true
    },
    {
        "id": 87088868,
        "price": "0.00005527",
        "qty": "1761.80000000",
        "quoteQty": "0.09737468",
        "time": 1629986884086,
        "isBuyerMaker": false,
        "isBestMatch": true
    },
    {
        "id": 87088869,
        "price": "0.00005527",
        "qty": "921.80000000",
        "quoteQty": "0.05094788",
        "time": 1629986884151,
        "isBuyerMaker": false,
        "isBestMatch": true
    },
    {
        "id": 87088870,
        "price": "0.00005527",
        "qty": "469.10000000",
        "quoteQty": "0.02592715",
        "time": 1629986884197,
        "isBuyerMaker": false,
        "isBestMatch": true
    },
    {
        "id": 87088871,
        "price": "0.00005527",
        "qty": "720.60000000",
        "quoteQty": "0.03982756",
        "time": 1629986884244,
        "isBuyerMaker": false,
        "isBestMatch": true
    },
    {
        "id": 87088872,
        "price": "0.00005527",
        "qty": "4.60000000",
        "quoteQty": "0.00025424",
        "time": 1629986884283,
        "isBuyerMaker": false,
        "isBestMatch": true
    },
    {
        "id": 87088873,
        "price": "0.00005527",
        "qty": "580.90000000",
        "quoteQty": "0.03210634",
        "time": 1629986884306,
        "isBuyerMaker": false,
        "isBestMatch": true
    },
    {
        "id": 87088874,
        "price": "0.00005527",
        "qty": "3726.20000000",
        "quoteQty": "0.20594707",
        "time": 1629986884344,
        "isBuyerMaker": false,
        "isBestMatch": true
    },
    {
        "id": 87088875,
        "price": "0.00005527",
        "qty": "658.50000000",
        "quoteQty": "0.03639529",
        "time": 1629986884348,
        "isBuyerMaker": false,
        "isBestMatch": true
    },
    {
        "id": 87088876,
        "price": "0.00005527",
        "qty": "1793.90000000",
        "quoteQty": "0.09914885",
        "time": 1629986884385,
        "isBuyerMaker": false,
        "isBestMatch": true
    },
    {
        "id": 87088877,
        "price": "0.00005527",
        "qty": "981.20000000",
        "quoteQty": "0.05423092",
        "time": 1629986884536,
        "isBuyerMaker": false,
        "isBestMatch": true
    },
    {
        "id": 87088878,
        "price": "0.00005527",
        "qty": "3757.60000000",
        "quoteQty": "0.20768255",
        "time": 1629986884536,
        "isBuyerMaker": false,
        "isBestMatch": true
    },
    {
        "id": 87088879,
        "price": "0.00005527",
        "qty": "34.00000000",
        "quoteQty": "0.00187918",
        "time": 1629986884555,
        "isBuyerMaker": false,
        "isBestMatch": true
    },
    {
        "id": 87088880,
        "price": "0.00005527",
        "qty": "3937.60000000",
        "quoteQty": "0.21763115",
        "time": 1629986884587,
        "isBuyerMaker": false,
        "isBestMatch": true
    },
    {
        "id": 87088881,
        "price": "0.00005527",
        "qty": "119.20000000",
        "quoteQty": "0.00658818",
        "time": 1629986884639,
        "isBuyerMaker": false,
        "isBestMatch": true
    },
    {
        "id": 87088882,
        "price": "0.00005527",
        "qty": "719.00000000",
        "quoteQty": "0.03973913",
        "time": 1629986884689,
        "isBuyerMaker": false,
        "isBestMatch": true
    },
    {
        "id": 87088883,
        "price": "0.00005527",
        "qty": "3394.50000000",
        "quoteQty": "0.18761401",
        "time": 1629986884738,
        "isBuyerMaker": false,
        "isBestMatch": true
    },
    {
        "id": 87088884,
        "price": "0.00005527",
        "qty": "981.20000000",
        "quoteQty": "0.05423092",
        "time": 1629986884749,
        "isBuyerMaker": false,
        "isBestMatch": true
    },
    {
        "id": 87088885,
        "price": "0.00005527",
        "qty": "4.10000000",
        "quoteQty": "0.00022660",
        "time": 1629986884764,
        "isBuyerMaker": false,
        "isBestMatch": true
    },
    {
        "id": 87088886,
        "price": "0.00005527",
        "qty": "399.50000000",
        "quoteQty": "0.02208036",
        "time": 1629986884849,
        "isBuyerMaker": false,
        "isBestMatch": true
    },
    {
        "id": 87088887,
        "price": "0.00005527",
        "qty": "7.50000000",
        "quoteQty": "0.00041452",
        "time": 1629986884886,
        "isBuyerMaker": false,
        "isBestMatch": true
    },
    {
        "id": 87088888,
        "price": "0.00005527",
        "qty": "36.60000000",
        "quoteQty": "0.00202288",
        "time": 1629986884900,
        "isBuyerMaker": false,
        "isBestMatch": true
    },
    {
        "id": 87088889,
        "price": "0.00005527",
        "qty": "3825.20000000",
        "quoteQty": "0.21141880",
        "time": 1629986884925,
        "isBuyerMaker": false,
        "isBestMatch": true
    },
    {
        "id": 87088890,
        "price": "0.00005527",
        "qty": "1629.40000000",
        "quoteQty": "0.09005693",
        "time": 1629986884940,
        "isBuyerMaker": false,
        "isBestMatch": true
    },
    {
        "id": 87088891,
        "price": "0.00005527",
        "qty": "542.00000000",
        "quoteQty": "0.02995634",
        "time": 1629986884990,
        "isBuyerMaker": false,
        "isBestMatch": true
    },
    {
        "id": 87088892,
        "price": "0.00005527",
        "qty": "2090.10000000",
        "quoteQty": "0.11551982",
        "time": 1629986885031,
        "isBuyerMaker": false,
        "isBestMatch": true
    },
    {
        "id": 87088893,
        "price": "0.00005527",
        "qty": "8984.80000000",
        "quoteQty": "0.49658989",
        "time": 1629986885035,
        "isBuyerMaker": false,
        "isBestMatch": true
    },
    {
        "id": 87088894,
        "price": "0.00005527",
        "qty": "3766.90000000",
        "quoteQty": "0.20819656",
        "time": 1629986885037,
        "isBuyerMaker": false,
        "isBestMatch": true
    },
    {
        "id": 87088895,
        "price": "0.00005527",
        "qty": "755.10000000",
        "quoteQty": "0.04173437",
        "time": 1629986885062,
        "isBuyerMaker": false,
        "isBestMatch": true
    },
    {
        "id": 87088896,
        "price": "0.00005527",
        "qty": "540.00000000",
        "quoteQty": "0.02984580",
        "time": 1629986885082,
        "isBuyerMaker": false,
        "isBestMatch": true
    },
    {
        "id": 87088897,
        "price": "0.00005527",
        "qty": "722.60000000",
        "quoteQty": "0.03993810",
        "time": 1629986885132,
        "isBuyerMaker": false,
        "isBestMatch": true
    },
    {
        "id": 87088898,
        "price": "0.00005527",
        "qty": "3824.60000000",
        "quoteQty": "0.21138564",
        "time": 1629986885232,
        "isBuyerMaker": false,
        "isBestMatch": true
    },
    {
        "id": 87088899,
        "price": "0.00005527",
        "qty": "343.40000000",
        "quoteQty": "0.01897971",
        "time": 1629986885241,
        "isBuyerMaker": false,
        "isBestMatch": true
    },
    {
        "id": 87088900,
        "price": "0.00005527",
        "qty": "3503.60000000",
        "quoteQty": "0.19364397",
        "time": 1629986885286,
        "isBuyerMaker": false,
        "isBestMatch": true
    },
    {
        "id": 87088901,
        "price": "0.00005527",
        "qty": "8.60000000",
        "quoteQty": "0.00047532",
        "time": 1629986885385,
        "isBuyerMaker": false,
        "isBestMatch": true
    },
    {
        "id": 87088902,
        "price": "0.00005527",
        "qty": "191.60000000",
        "quoteQty": "0.01058973",
        "time": 1629986885587,
        "isBuyerMaker": false,
        "isBestMatch": true
    },
    {
        "id": 87088903,
        "price": "0.00005527",
        "qty": "3824.40000000",
        "quoteQty": "0.21137458",
        "time": 1629986885604,
        "isBuyerMaker": false,
        "isBestMatch": true
    },
    {
        "id": 87088904,
        "price": "0.00005527",
        "qty": "191.40000000",
        "quoteQty": "0.01057867",
        "time": 1629986885632,
        "isBuyerMaker": false,
        "isBestMatch": true
    },
    {
        "id": 87088905,
        "price": "0.00005527",
        "qty": "3608.50000000",
        "quoteQty": "0.19944179",
        "time": 1629986885683,
        "isBuyerMaker": false,
        "isBestMatch": true
    },
    {
        "id": 87088906,
        "price": "0.00005527",
        "qty": "1776.20000000",
        "quoteQty": "0.09817057",
        "time": 1629986885734,
        "isBuyerMaker": false,
        "isBestMatch": true
    },
    {
        "id": 87088907,
        "price": "0.00005527",
        "qty": "68.00000000",
        "quoteQty": "0.00375836",
        "time": 1629986885743,
        "isBuyerMaker": false,
        "isBestMatch": true
    },
    {
        "id": 87088908,
        "price": "0.00005527",
        "qty": "105.70000000",
        "quoteQty": "0.00584203",
        "time": 1629986885838,
        "isBuyerMaker": false,
        "isBestMatch": true
    },
    {
        "id": 87088909,
        "price": "0.00005527",
        "qty": "1251.50000000",
        "quoteQty": "0.06917040",
        "time": 1629986885897,
        "isBuyerMaker": false,
        "isBestMatch": true
    },
    {
        "id": 87088910,
        "price": "0.00005527",
        "qty": "618.80000000",
        "quoteQty": "0.03420107",
        "time": 1629986885897,
        "isBuyerMaker": false,
        "isBestMatch": true
    },
    {
        "id": 87088911,
        "price": "0.00005527",
        "qty": "3824.00000000",
        "quoteQty": "0.21135248",
        "time": 1629986885921,
        "isBuyerMaker": false,
        "isBestMatch": true
    },
    {
        "id": 87088912,
        "price": "0.00005527",
        "qty": "404.50000000",
        "quoteQty": "0.02235671",
        "time": 1629986885990,
        "isBuyerMaker": false,
        "isBestMatch": true
    },
    {
        "id": 87088913,
        "price": "0.00005527",
        "qty": "750.00000000",
        "quoteQty": "0.04145250",
        "time": 1629986886036,
        "isBuyerMaker": false,
        "isBestMatch": true
    },
    {
        "id": 87088914,
        "price": "0.00005527",
        "qty": "3490.10000000",
        "quoteQty": "0.19289782",
        "time": 1629986886041,
        "isBuyerMaker": false,
        "isBestMatch": true
    },
    {
        "id": 87088915,
        "price": "0.00005527",
        "qty": "1809.20000000",
        "quoteQty": "0.09999448",
        "time": 1629986886138,
        "isBuyerMaker": false,
        "isBestMatch": true
    },
    {
        "id": 87088916,
        "price": "0.00005527",
        "qty": "8260.50000000",
        "quoteQty": "0.45655783",
        "time": 1629986886150,
        "isBuyerMaker": false,
        "isBestMatch": true
    },
    {
        "id": 87088917,
        "price": "0.00005527",
        "qty": "2.00000000",
        "quoteQty": "0.00011054",
        "time": 1629986886150,
        "isBuyerMaker": false,
        "isBestMatch": true
    },
    {
        "id": 87088918,
        "price": "0.00005527",
        "qty": "4.00000000",
        "quoteQty": "0.00022108",
        "time": 1629986886150,
        "isBuyerMaker": false,
        "isBestMatch": true
    },
    {
        "id": 87088919,
        "price": "0.00005527",
        "qty": "3.60000000",
        "quoteQty": "0.00019897",
        "time": 1629986886150,
        "isBuyerMaker": false,
        "isBestMatch": true
    },
    {
        "id": 87088920,
        "price": "0.00005527",
        "qty": "85.90000000",
        "quoteQty": "0.00474769",
        "time": 1629986886150,
        "isBuyerMaker": false,
        "isBestMatch": true
    },
    {
        "id": 87088921,
        "price": "0.00005527",
        "qty": "6.60000000",
        "quoteQty": "0.00036478",
        "time": 1629986886150,
        "isBuyerMaker": false,
        "isBestMatch": true
    },
    {
        "id": 87088922,
        "price": "0.00005527",
        "qty": "5.90000000",
        "quoteQty": "0.00032609",
        "time": 1629986886150,
        "isBuyerMaker": false,
        "isBestMatch": true
    },
    {
        "id": 87088923,
        "price": "0.00005527",
        "qty": "16.80000000",
        "quoteQty": "0.00092853",
        "time": 1629986886150,
        "isBuyerMaker": false,
        "isBestMatch": true
    },
    {
        "id": 87088924,
        "price": "0.00005527",
        "qty": "9.80000000",
        "quoteQty": "0.00054164",
        "time": 1629986886150,
        "isBuyerMaker": false,
        "isBestMatch": true
    },
    {
        "id": 87088925,
        "price": "0.00005527",
        "qty": "7.00000000",
        "quoteQty": "0.00038689",
        "time": 1629986886150,
        "isBuyerMaker": false,
        "isBestMatch": true
    },
    {
        "id": 87088926,
        "price": "0.00005527",
        "qty": "60.80000000",
        "quoteQty": "0.00336041",
        "time": 1629986886150,
        "isBuyerMaker": false,
        "isBestMatch": true
    },
    {
        "id": 87088927,
        "price": "0.00005527",
        "qty": "3.60000000",
        "quoteQty": "0.00019897",
        "time": 1629986886150,
        "isBuyerMaker": false,
        "isBestMatch": true
    },
    {
        "id": 87088928,
        "price": "0.00005527",
        "qty": "21.70000000",
        "quoteQty": "0.00119935",
        "time": 1629986886150,
        "isBuyerMaker": false,
        "isBestMatch": true
    },
    {
        "id": 87088929,
        "price": "0.00005527",
        "qty": "182.90000000",
        "quoteQty": "0.01010888",
        "time": 1629986886150,
        "isBuyerMaker": false,
        "isBestMatch": true
    },
    {
        "id": 87088930,
        "price": "0.00005527",
        "qty": "10.00000000",
        "quoteQty": "0.00055270",
        "time": 1629986886150,
        "isBuyerMaker": false,
        "isBestMatch": true
    },
    {
        "id": 87088931,
        "price": "0.00005527",
        "qty": "11.00000000",
        "quoteQty": "0.00060797",
        "time": 1629986886150,
        "isBuyerMaker": false,
        "isBestMatch": true
    },
    {
        "id": 87088932,
        "price": "0.00005527",
        "qty": "8.00000000",
        "quoteQty": "0.00044216",
        "time": 1629986886150,
        "isBuyerMaker": false,
        "isBestMatch": true
    },
    {
        "id": 87088933,
        "price": "0.00005527",
        "qty": "10.00000000",
        "quoteQty": "0.00055270",
        "time": 1629986886150,
        "isBuyerMaker": false,
        "isBestMatch": true
    },
    {
        "id": 87088934,
        "price": "0.00005527",
        "qty": "68.00000000",
        "quoteQty": "0.00375836",
        "time": 1629986886150,
        "isBuyerMaker": false,
        "isBestMatch": true
    },
    {
        "id": 87088935,
        "price": "0.00005527",
        "qty": "8.00000000",
        "quoteQty": "0.00044216",
        "time": 1629986886150,
        "isBuyerMaker": false,
        "isBestMatch": true
    },
    {
        "id": 87088936,
        "price": "0.00005527",
        "qty": "8.00000000",
        "quoteQty": "0.00044216",
        "time": 1629986886150,
        "isBuyerMaker": false,
        "isBestMatch": true
    },
    {
        "id": 87088937,
        "price": "0.00005527",
        "qty": "8.00000000",
        "quoteQty": "0.00044216",
        "time": 1629986886150,
        "isBuyerMaker": false,
        "isBestMatch": true
    },
    {
        "id": 87088938,
        "price": "0.00005527",
        "qty": "8.00000000",
        "quoteQty": "0.00044216",
        "time": 1629986886150,
        "isBuyerMaker": false,
        "isBestMatch": true
    },
    {
        "id": 87088939,
        "price": "0.00005527",
        "qty": "8.00000000",
        "quoteQty": "0.00044216",
        "time": 1629986886150,
        "isBuyerMaker": false,
        "isBestMatch": true
    },
    {
        "id": 87088940,
        "price": "0.00005527",
        "qty": "8.00000000",
        "quoteQty": "0.00044216",
        "time": 1629986886150,
        "isBuyerMaker": false,
        "isBestMatch": true
    },
    {
        "id": 87088941,
        "price": "0.00005527",
        "qty": "8.00000000",
        "quoteQty": "0.00044216",
        "time": 1629986886150,
        "isBuyerMaker": false,
        "isBestMatch": true
    },
    {
        "id": 87088942,
        "price": "0.00005527",
        "qty": "3.00000000",
        "quoteQty": "0.00016581",
        "time": 1629986886150,
        "isBuyerMaker": false,
        "isBestMatch": true
    },
    {
        "id": 87088943,
        "price": "0.00005527",
        "qty": "8.00000000",
        "quoteQty": "0.00044216",
        "time": 1629986886150,
        "isBuyerMaker": false,
        "isBestMatch": true
    },
    {
        "id": 87088944,
        "price": "0.00005527",
        "qty": "8.00000000",
        "quoteQty": "0.00044216",
        "time": 1629986886150,
        "isBuyerMaker": false,
        "isBestMatch": true
    },
    {
        "id": 87088945,
        "price": "0.00005527",
        "qty": "20.00000000",
        "quoteQty": "0.00110540",
        "time": 1629986886150,
        "isBuyerMaker": false,
        "isBestMatch": true
    },
    {
        "id": 87088946,
        "price": "0.00005527",
        "qty": "3.00000000",
        "quoteQty": "0.00016581",
        "time": 1629986886150,
        "isBuyerMaker": false,
        "isBestMatch": true
    },
    {
        "id": 87088947,
        "price": "0.00005527",
        "qty": "3.00000000",
        "quoteQty": "0.00016581",
        "time": 1629986886150,
        "isBuyerMaker": false,
        "isBestMatch": true
    },
    {
        "id": 87088948,
        "price": "0.00005527",
        "qty": "200.00000000",
        "quoteQty": "0.01105400",
        "time": 1629986886150,
        "isBuyerMaker": false,
        "isBestMatch": true
    },
    {
        "id": 87088949,
        "price": "0.00005527",
        "qty": "3.00000000",
        "quoteQty": "0.00016581",
        "time": 1629986886150,
        "isBuyerMaker": false,
        "isBestMatch": true
    },
    {
        "id": 87088950,
        "price": "0.00005527",
        "qty": "3.00000000",
        "quoteQty": "0.00016581",
        "time": 1629986886150,
        "isBuyerMaker": false,
        "isBestMatch": true
    },
    {
        "id": 87088951,
        "price": "0.00005527",
        "qty": "23.90000000",
        "quoteQty": "0.00132095",
        "time": 1629986886150,
        "isBuyerMaker": false,
        "isBestMatch": true
    },
    {
        "id": 87088952,
        "price": "0.00005527",
        "qty": "3.00000000",
        "quoteQty": "0.00016581",
        "time": 1629986886150,
        "isBuyerMaker": false,
        "isBestMatch": true
    },
    {
        "id": 87088953,
        "price": "0.00005528",
        "qty": "8.30000000",
        "quoteQty": "0.00045882",
        "time": 1629986886168,
        "isBuyerMaker": false,
        "isBestMatch": true
    },
    {
        "id": 87088954,
        "price": "0.00005528",
        "qty": "17.00000000",
        "quoteQty": "0.00093976",
        "time": 1629986886168,
        "isBuyerMaker": false,
        "isBestMatch": true
    },
    {
        "id": 87088955,
        "price": "0.00005528",
        "qty": "3.80000000",
        "quoteQty": "0.00021006",
        "time": 1629986886168,
        "isBuyerMaker": false,
        "isBestMatch": true
    },
    {
        "id": 87088956,
        "price": "0.00005528",
        "qty": "4.60000000",
        "quoteQty": "0.00025428",
        "time": 1629986886168,
        "isBuyerMaker": false,
        "isBestMatch": true
    },
    {
        "id": 87088957,
        "price": "0.00005528",
        "qty": "9.90000000",
        "quoteQty": "0.00054727",
        "time": 1629986886168,
        "isBuyerMaker": false,
        "isBestMatch": true
    },
    {
        "id": 87088958,
        "price": "0.00005528",
        "qty": "4.20000000",
        "quoteQty": "0.00023217",
        "time": 1629986886168,
        "isBuyerMaker": false,
        "isBestMatch": true
    },
    {
        "id": 87088959,
        "price": "0.00005528",
        "qty": "47.30000000",
        "quoteQty": "0.00261474",
        "time": 1629986886168,
        "isBuyerMaker": false,
        "isBestMatch": true
    },
    {
        "id": 87088960,
        "price": "0.00005528",
        "qty": "5.50000000",
        "quoteQty": "0.00030404",
        "time": 1629986886168,
        "isBuyerMaker": false,
        "isBestMatch": true
    },
    {
        "id": 87088961,
        "price": "0.00005528",
        "qty": "10.70000000",
        "quoteQty": "0.00059149",
        "time": 1629986886168,
        "isBuyerMaker": false,
        "isBestMatch": true
    },
    {
        "id": 87088962,
        "price": "0.00005528",
        "qty": "7.50000000",
        "quoteQty": "0.00041460",
        "time": 1629986886168,
        "isBuyerMaker": false,
        "isBestMatch": true
    },
    {
        "id": 87088963,
        "price": "0.00005528",
        "qty": "7.40000000",
        "quoteQty": "0.00040907",
        "time": 1629986886168,
        "isBuyerMaker": false,
        "isBestMatch": true
    },
    {
        "id": 87088964,
        "price": "0.00005528",
        "qty": "5.00000000",
        "quoteQty": "0.00027640",
        "time": 1629986886168,
        "isBuyerMaker": false,
        "isBestMatch": true
    },
    {
        "id": 87088965,
        "price": "0.00005528",
        "qty": "5.00000000",
        "quoteQty": "0.00027640",
        "time": 1629986886168,
        "isBuyerMaker": false,
        "isBestMatch": true
    },
    {
        "id": 87088966,
        "price": "0.00005528",
        "qty": "68.00000000",
        "quoteQty": "0.00375904",
        "time": 1629986886168,
        "isBuyerMaker": false,
        "isBestMatch": true
    },
    {
        "id": 87088967,
        "price": "0.00005529",
        "qty": "6.70000000",
        "quoteQty": "0.00037044",
        "time": 1629986886168,
        "isBuyerMaker": false,
        "isBestMatch": true
    },
    {
        "id": 87088968,
        "price": "0.00005529",
        "qty": "3.00000000",
        "quoteQty": "0.00016587",
        "time": 1629986886168,
        "isBuyerMaker": false,
        "isBestMatch": true
    },
    {
        "id": 87088969,
        "price": "0.00005529",
        "qty": "30.60000000",
        "quoteQty": "0.00169187",
        "time": 1629986886168,
        "isBuyerMaker": false,
        "isBestMatch": true
    },
    {
        "id": 87088970,
        "price": "0.00005529",
        "qty": "20.00000000",
        "quoteQty": "0.00110580",
        "time": 1629986886168,
        "isBuyerMaker": false,
        "isBestMatch": true
    },
    {
        "id": 87088971,
        "price": "0.00005529",
        "qty": "3.90000000",
        "quoteQty": "0.00021563",
        "time": 1629986886168,
        "isBuyerMaker": false,
        "isBestMatch": true
    },
    {
        "id": 87088972,
        "price": "0.00005529",
        "qty": "72.50000000",
        "quoteQty": "0.00400852",
        "time": 1629986886168,
        "isBuyerMaker": false,
        "isBestMatch": true
    },
    {
        "id": 87088973,
        "price": "0.00005529",
        "qty": "3.00000000",
        "quoteQty": "0.00016587",
        "time": 1629986886168,
        "isBuyerMaker": false,
        "isBestMatch": true
    },
    {
        "id": 87088974,
        "price": "0.00005529",
        "qty": "26.00000000",
        "quoteQty": "0.00143754",
        "time": 1629986886168,
        "isBuyerMaker": false,
        "isBestMatch": true
    },
    {
        "id": 87088975,
        "price": "0.00005529",
        "qty": "137.00000000",
        "quoteQty": "0.00757473",
        "time": 1629986886168,
        "isBuyerMaker": false,
        "isBestMatch": true
    },
    {
        "id": 87088976,
        "price": "0.00005529",
        "qty": "218.90000000",
        "quoteQty": "0.01210298",
        "time": 1629986886168,
        "isBuyerMaker": false,
        "isBestMatch": true
    },
    {
        "id": 87088977,
        "price": "0.00005529",
        "qty": "4.40000000",
        "quoteQty": "0.00024327",
        "time": 1629986886168,
        "isBuyerMaker": false,
        "isBestMatch": true
    },
    {
        "id": 87088978,
        "price": "0.00005529",
        "qty": "68.00000000",
        "quoteQty": "0.00375972",
        "time": 1629986886168,
        "isBuyerMaker": false,
        "isBestMatch": true
    },
    {
        "id": 87088979,
        "price": "0.00005529",
        "qty": "269.40000000",
        "quoteQty": "0.01489512",
        "time": 1629986886168,
        "isBuyerMaker": false,
        "isBestMatch": true
    },
    {
        "id": 87088980,
        "price": "0.00005529",
        "qty": "133.20000000",
        "quoteQty": "0.00736462",
        "time": 1629986886168,
        "isBuyerMaker": false,
        "isBestMatch": true
    },
    {
        "id": 87088981,
        "price": "0.00005530",
        "qty": "4.70000000",
        "quoteQty": "0.00025991",
        "time": 1629986886168,
        "isBuyerMaker": false,
        "isBestMatch": true
    },
    {
        "id": 87088982,
        "price": "0.00005530",
        "qty": "23.00000000",
        "quoteQty": "0.00127190",
        "time": 1629986886168,
        "isBuyerMaker": false,
        "isBestMatch": true
    },
    {
        "id": 87088983,
        "price": "0.00005530",
        "qty": "17.20000000",
        "quoteQty": "0.00095116",
        "time": 1629986886168,
        "isBuyerMaker": false,
        "isBestMatch": true
    },
    {
        "id": 87088984,
        "price": "0.00005530",
        "qty": "8.30000000",
        "quoteQty": "0.00045899",
        "time": 1629986886168,
        "isBuyerMaker": false,
        "isBestMatch": true
    },
    {
        "id": 87088985,
        "price": "0.00005530",
        "qty": "3.60000000",
        "quoteQty": "0.00019908",
        "time": 1629986886168,
        "isBuyerMaker": false,
        "isBestMatch": true
    },
    {
        "id": 87088986,
        "price": "0.00005530",
        "qty": "8.90000000",
        "quoteQty": "0.00049217",
        "time": 1629986886168,
        "isBuyerMaker": false,
        "isBestMatch": true
    },
    {
        "id": 87088987,
        "price": "0.00005530",
        "qty": "4.90000000",
        "quoteQty": "0.00027097",
        "time": 1629986886168,
        "isBuyerMaker": false,
        "isBestMatch": true
    },
    {
        "id": 87088988,
        "price": "0.00005530",
        "qty": "46.20000000",
        "quoteQty": "0.00255486",
        "time": 1629986886168,
        "isBuyerMaker": false,
        "isBestMatch": true
    },
    {
        "id": 87088989,
        "price": "0.00005529",
        "qty": "136.90000000",
        "quoteQty": "0.00756920",
        "time": 1629986886201,
        "isBuyerMaker": true,
        "isBestMatch": true
    },
    {
        "id": 87088990,
        "price": "0.00005530",
        "qty": "68.80000000",
        "quoteQty": "0.00380464",
        "time": 1629986886588,
        "isBuyerMaker": false,
        "isBestMatch": true
    },
    {
        "id": 87088991,
        "price": "0.00005530",
        "qty": "11.50000000",
        "quoteQty": "0.00063595",
        "time": 1629986886588,
        "isBuyerMaker": false,
        "isBestMatch": true
    },
    {
        "id": 87088992,
        "price": "0.00005530",
        "qty": "15.50000000",
        "quoteQty": "0.00085715",
        "time": 1629986887930,
        "isBuyerMaker": false,
        "isBestMatch": true
    },
    {
        "id": 87088993,
        "price": "0.00005530",
        "qty": "36.00000000",
        "quoteQty": "0.00199080",
        "time": 1629986887930,
        "isBuyerMaker": false,
        "isBestMatch": true
    },
    {
        "id": 87088994,
        "price": "0.00005530",
        "qty": "4.00000000",
        "quoteQty": "0.00022120",
        "time": 1629986887930,
        "isBuyerMaker": false,
        "isBestMatch": true
    },
    {
        "id": 87088995,
        "price": "0.00005530",
        "qty": "3.80000000",
        "quoteQty": "0.00021014",
        "time": 1629986887930,
        "isBuyerMaker": false,
        "isBestMatch": true
    },
    {
        "id": 87088996,
        "price": "0.00005530",
        "qty": "7.30000000",
        "quoteQty": "0.00040369",
        "time": 1629986887930,
        "isBuyerMaker": false,
        "isBestMatch": true
    },
    {
        "id": 87088997,
        "price": "0.00005530",
        "qty": "1.90000000",
        "quoteQty": "0.00010507",
        "time": 1629986887930,
        "isBuyerMaker": false,
        "isBestMatch": true
    },
    {
        "id": 87088998,
        "price": "0.00005530",
        "qty": "87.90000000",
        "quoteQty": "0.00486087",
        "time": 1629986887930,
        "isBuyerMaker": false,
        "isBestMatch": true
    },
    {
        "id": 87088999,
        "price": "0.00005530",
        "qty": "80.20000000",
        "quoteQty": "0.00443506",
        "time": 1629986888591,
        "isBuyerMaker": false,
        "isBestMatch": true
    },
    {
        "id": 87089000,
        "price": "0.00005530",
        "qty": "80.20000000",
        "quoteQty": "0.00443506",
        "time": 1629986889588,
        "isBuyerMaker": false,
        "isBestMatch": true
    },
    {
        "id": 87089001,
        "price": "0.00005529",
        "qty": "1163.10000000",
        "quoteQty": "0.06430779",
        "time": 1629986889925,
        "isBuyerMaker": true,
        "isBestMatch": true
    },
    {
        "id": 87089002,
        "price": "0.00005529",
        "qty": "388.00000000",
        "quoteQty": "0.02145252",
        "time": 1629986889925,
        "isBuyerMaker": true,
        "isBestMatch": true
    },
    {
        "id": 87089003,
        "price": "0.00005529",
        "qty": "1200.00000000",
        "quoteQty": "0.06634800",
        "time": 1629986889925,
        "isBuyerMaker": true,
        "isBestMatch": true
    },
    {
        "id": 87089004,
        "price": "0.00005528",
        "qty": "1200.00000000",
        "quoteQty": "0.06633600",
        "time": 1629986889925,
        "isBuyerMaker": true,
        "isBestMatch": true
    },
    {
        "id": 87089005,
        "price": "0.00005528",
        "qty": "68.00000000",
        "quoteQty": "0.00375904",
        "time": 1629986889925,
        "isBuyerMaker": true,
        "isBestMatch": true
    },
    {
        "id": 87089006,
        "price": "0.00005528",
        "qty": "138.90000000",
        "quoteQty": "0.00767839",
        "time": 1629986889925,
        "isBuyerMaker": true,
        "isBestMatch": true
    },
    {
        "id": 87089007,
        "price": "0.00005530",
        "qty": "303.70000000",
        "quoteQty": "0.01679461",
        "time": 1629986889985,
        "isBuyerMaker": false,
        "isBestMatch": true
    },
    {
        "id": 87089008,
        "price": "0.00005530",
        "qty": "68.00000000",
        "quoteQty": "0.00376040",
        "time": 1629986889985,
        "isBuyerMaker": false,
        "isBestMatch": true
    },
    {
        "id": 87089009,
        "price": "0.00005530",
        "qty": "3.00000000",
        "quoteQty": "0.00016590",
        "time": 1629986889985,
        "isBuyerMaker": false,
        "isBestMatch": true
    },
    {
        "id": 87089010,
        "price": "0.00005530",
        "qty": "48.70000000",
        "quoteQty": "0.00269311",
        "time": 1629986890501,
        "isBuyerMaker": true,
        "isBestMatch": true
    },
    {
        "id": 87089011,
        "price": "0.00005530",
        "qty": "5.80000000",
        "quoteQty": "0.00032074",
        "time": 1629986891241,
        "isBuyerMaker": false,
        "isBestMatch": true
    },
    {
        "id": 87089012,
        "price": "0.00005530",
        "qty": "28.20000000",
        "quoteQty": "0.00155946",
        "time": 1629986894571,
        "isBuyerMaker": false,
        "isBestMatch": true
    },
    {
        "id": 87089013,
        "price": "0.00005531",
        "qty": "20.00000000",
        "quoteQty": "0.00110620",
        "time": 1629986894571,
        "isBuyerMaker": false,
        "isBestMatch": true
    },
    {
        "id": 87089014,
        "price": "0.00005531",
        "qty": "0.10000000",
        "quoteQty": "0.00000553",
        "time": 1629986896988,
        "isBuyerMaker": false,
        "isBestMatch": true
    },
    {
        "id": 87089015,
        "price": "0.00005531",
        "qty": "4.60000000",
        "quoteQty": "0.00025442",
        "time": 1629986896988,
        "isBuyerMaker": false,
        "isBestMatch": true
    },
    {
        "id": 87089016,
        "price": "0.00005531",
        "qty": "5.70000000",
        "quoteQty": "0.00031526",
        "time": 1629986896988,
        "isBuyerMaker": false,
        "isBestMatch": true
    },
    {
        "id": 87089017,
        "price": "0.00005531",
        "qty": "19.70000000",
        "quoteQty": "0.00108960",
        "time": 1629986896988,
        "isBuyerMaker": false,
        "isBestMatch": true
    },
    {
        "id": 87089018,
        "price": "0.00005531",
        "qty": "3.80000000",
        "quoteQty": "0.00021017",
        "time": 1629986896988,
        "isBuyerMaker": false,
        "isBestMatch": true
    },
    {
        "id": 87089019,
        "price": "0.00005531",
        "qty": "7.90000000",
        "quoteQty": "0.00043694",
        "time": 1629986896988,
        "isBuyerMaker": false,
        "isBestMatch": true
    },
    {
        "id": 87089020,
        "price": "0.00005531",
        "qty": "40.00000000",
        "quoteQty": "0.00221240",
        "time": 1629986896988,
        "isBuyerMaker": false,
        "isBestMatch": true
    },
    {
        "id": 87089021,
        "price": "0.00005531",
        "qty": "80.00000000",
        "quoteQty": "0.00442480",
        "time": 1629986896988,
        "isBuyerMaker": false,
        "isBestMatch": true
    },
    {
        "id": 87089022,
        "price": "0.00005531",
        "qty": "3.80000000",
        "quoteQty": "0.00021017",
        "time": 1629986896988,
        "isBuyerMaker": false,
        "isBestMatch": true
    },
    {
        "id": 87089023,
        "price": "0.00005531",
        "qty": "23.60000000",
        "quoteQty": "0.00130531",
        "time": 1629986896988,
        "isBuyerMaker": false,
        "isBestMatch": true
    },
    {
        "id": 87089024,
        "price": "0.00005531",
        "qty": "5.00000000",
        "quoteQty": "0.00027655",
        "time": 1629986896988,
        "isBuyerMaker": false,
        "isBestMatch": true
    },
    {
        "id": 87089025,
        "price": "0.00005531",
        "qty": "3.00000000",
        "quoteQty": "0.00016593",
        "time": 1629986896988,
        "isBuyerMaker": false,
        "isBestMatch": true
    },
    {
        "id": 87089026,
        "price": "0.00005531",
        "qty": "3.70000000",
        "quoteQty": "0.00020464",
        "time": 1629986896988,
        "isBuyerMaker": false,
        "isBestMatch": true
    },
    {
        "id": 87089027,
        "price": "0.00005531",
        "qty": "145.50000000",
        "quoteQty": "0.00804760",
        "time": 1629986896988,
        "isBuyerMaker": false,
        "isBestMatch": true
    },
    {
        "id": 87089028,
        "price": "0.00005531",
        "qty": "3.00000000",
        "quoteQty": "0.00016593",
        "time": 1629986896988,
        "isBuyerMaker": false,
        "isBestMatch": true
    },
    {
        "id": 87089029,
        "price": "0.00005531",
        "qty": "0.60000000",
        "quoteQty": "0.00003318",
        "time": 1629986896988,
        "isBuyerMaker": false,
        "isBestMatch": true
    },
    {
        "id": 87089030,
        "price": "0.00005531",
        "qty": "67.40000000",
        "quoteQty": "0.00372789",
        "time": 1629986898987,
        "isBuyerMaker": false,
        "isBestMatch": true
    },
    {
        "id": 87089031,
        "price": "0.00005531",
        "qty": "282.50000000",
        "quoteQty": "0.01562507",
        "time": 1629986898987,
        "isBuyerMaker": false,
        "isBestMatch": true
    },
    {
        "id": 87089032,
        "price": "0.00005531",
        "qty": "42.90000000",
        "quoteQty": "0.00237279",
        "time": 1629986899984,
        "isBuyerMaker": false,
        "isBestMatch": true
    },
    {
        "id": 87089033,
        "price": "0.00005531",
        "qty": "307.00000000",
        "quoteQty": "0.01698017",
        "time": 1629986899984,
        "isBuyerMaker": false,
        "isBestMatch": true
    },
    {
        "id": 87089034,
        "price": "0.00005531",
        "qty": "18.00000000",
        "quoteQty": "0.00099558",
        "time": 1629986902202,
        "isBuyerMaker": false,
        "isBestMatch": true
    },
    {
        "id": 87089035,
        "price": "0.00005530",
        "qty": "173.90000000",
        "quoteQty": "0.00961667",
        "time": 1629986902743,
        "isBuyerMaker": false,
        "isBestMatch": true
    },
    {
        "id": 87089036,
        "price": "0.00005531",
        "qty": "975.00000000",
        "quoteQty": "0.05392725",
        "time": 1629986903830,
        "isBuyerMaker": false,
        "isBestMatch": true
    },
    {
        "id": 87089037,
        "price": "0.00005531",
        "qty": "1200.00000000",
        "quoteQty": "0.06637200",
        "time": 1629986903830,
        "isBuyerMaker": false,
        "isBestMatch": true
    },
    {
        "id": 87089038,
        "price": "0.00005531",
        "qty": "325.40000000",
        "quoteQty": "0.01799787",
        "time": 1629986903830,
        "isBuyerMaker": false,
        "isBestMatch": true
    },
    {
        "id": 87089039,
        "price": "0.00005531",
        "qty": "251.30000000",
        "quoteQty": "0.01389940",
        "time": 1629986903830,
        "isBuyerMaker": false,
        "isBestMatch": true
    },
    {
        "id": 87089040,
        "price": "0.00005532",
        "qty": "8.30000000",
        "quoteQty": "0.00045915",
        "time": 1629986903830,
        "isBuyerMaker": false,
        "isBestMatch": true
    },
    {
        "id": 87089041,
        "price": "0.00005532",
        "qty": "6.50000000",
        "quoteQty": "0.00035958",
        "time": 1629986903830,
        "isBuyerMaker": false,
        "isBestMatch": true
    },
    {
        "id": 87089042,
        "price": "0.00005532",
        "qty": "4.20000000",
        "quoteQty": "0.00023234",
        "time": 1629986903830,
        "isBuyerMaker": false,
        "isBestMatch": true
    },
    {
        "id": 87089043,
        "price": "0.00005532",
        "qty": "3.60000000",
        "quoteQty": "0.00019915",
        "time": 1629986903830,
        "isBuyerMaker": false,
        "isBestMatch": true
    },
    {
        "id": 87089044,
        "price": "0.00005532",
        "qty": "3.00000000",
        "quoteQty": "0.00016596",
        "time": 1629986903830,
        "isBuyerMaker": false,
        "isBestMatch": true
    },
    {
        "id": 87089045,
        "price": "0.00005532",
        "qty": "9.50000000",
        "quoteQty": "0.00052554",
        "time": 1629986903830,
        "isBuyerMaker": false,
        "isBestMatch": true
    },
    {
        "id": 87089046,
        "price": "0.00005532",
        "qty": "33.90000000",
        "quoteQty": "0.00187534",
        "time": 1629986903830,
        "isBuyerMaker": false,
        "isBestMatch": true
    },
    {
        "id": 87089047,
        "price": "0.00005532",
        "qty": "18.20000000",
        "quoteQty": "0.00100682",
        "time": 1629986903830,
        "isBuyerMaker": false,
        "isBestMatch": true
    },
    {
        "id": 87089048,
        "price": "0.00005532",
        "qty": "36.50000000",
        "quoteQty": "0.00201918",
        "time": 1629986903830,
        "isBuyerMaker": false,
        "isBestMatch": true
    },
    {
        "id": 87089049,
        "price": "0.00005532",
        "qty": "5.00000000",
        "quoteQty": "0.00027660",
        "time": 1629986903830,
        "isBuyerMaker": false,
        "isBestMatch": true
    },
    {
        "id": 87089050,
        "price": "0.00005532",
        "qty": "5.00000000",
        "quoteQty": "0.00027660",
        "time": 1629986903830,
        "isBuyerMaker": false,
        "isBestMatch": true
    },
    {
        "id": 87089051,
        "price": "0.00005532",
        "qty": "68.00000000",
        "quoteQty": "0.00376176",
        "time": 1629986903830,
        "isBuyerMaker": false,
        "isBestMatch": true
    },
    {
        "id": 87089052,
        "price": "0.00005532",
        "qty": "1200.00000000",
        "quoteQty": "0.06638400",
        "time": 1629986903830,
        "isBuyerMaker": false,
        "isBestMatch": true
    },
    {
        "id": 87089053,
        "price": "0.00005533",
        "qty": "325.00000000",
        "quoteQty": "0.01798225",
        "time": 1629986903830,
        "isBuyerMaker": false,
        "isBestMatch": true
    },
    {
        "id": 87089054,
        "price": "0.00005533",
        "qty": "8.30000000",
        "quoteQty": "0.00045923",
        "time": 1629986903830,
        "isBuyerMaker": false,
        "isBestMatch": true
    },
    {
        "id": 87089055,
        "price": "0.00005533",
        "qty": "5.00000000",
        "quoteQty": "0.00027665",
        "time": 1629986903830,
        "isBuyerMaker": false,
        "isBestMatch": true
    },
    {
        "id": 87089056,
        "price": "0.00005533",
        "qty": "150.00000000",
        "quoteQty": "0.00829950",
        "time": 1629986903830,
        "isBuyerMaker": false,
        "isBestMatch": true
    },
    {
        "id": 87089057,
        "price": "0.00005533",
        "qty": "200.00000000",
        "quoteQty": "0.01106600",
        "time": 1629986903830,
        "isBuyerMaker": false,
        "isBestMatch": true
    },
    {
        "id": 87089058,
        "price": "0.00005533",
        "qty": "33.10000000",
        "quoteQty": "0.00183142",
        "time": 1629986903830,
        "isBuyerMaker": false,
        "isBestMatch": true
    },
    {
        "id": 87089059,
        "price": "0.00005533",
        "qty": "11.00000000",
        "quoteQty": "0.00060863",
        "time": 1629986903830,
        "isBuyerMaker": false,
        "isBestMatch": true
    },
    {
        "id": 87089060,
        "price": "0.00005533",
        "qty": "25.00000000",
        "quoteQty": "0.00138325",
        "time": 1629986903830,
        "isBuyerMaker": false,
        "isBestMatch": true
    },
    {
        "id": 87089061,
        "price": "0.00005533",
        "qty": "89.20000000",
        "quoteQty": "0.00493543",
        "time": 1629986903830,
        "isBuyerMaker": false,
        "isBestMatch": true
    },
    {
        "id": 87089062,
        "price": "0.00005531",
        "qty": "30.20000000",
        "quoteQty": "0.00167036",
        "time": 1629986904894,
        "isBuyerMaker": false,
        "isBestMatch": true
    },
    {
        "id": 87089063,
        "price": "0.00005531",
        "qty": "21.90000000",
        "quoteQty": "0.00121128",
        "time": 1629986906167,
        "isBuyerMaker": false,
        "isBestMatch": true
    },
    {
        "id": 87089064,
        "price": "0.00005531",
        "qty": "31.60000000",
        "quoteQty": "0.00174779",
        "time": 1629986909700,
        "isBuyerMaker": false,
        "isBestMatch": true
    },
    {
        "id": 87089065,
        "price": "0.00005530",
        "qty": "98.00000000",
        "quoteQty": "0.00541940",
        "time": 1629986911858,
        "isBuyerMaker": true,
        "isBestMatch": true
    },
    {
        "id": 87089066,
        "price": "0.00005531",
        "qty": "1116.30000000",
        "quoteQty": "0.06174255",
        "time": 1629986912737,
        "isBuyerMaker": false,
        "isBestMatch": true
    },
    {
        "id": 87089067,
        "price": "0.00005531",
        "qty": "1300.00000000",
        "quoteQty": "0.07190300",
        "time": 1629986912737,
        "isBuyerMaker": false,
        "isBestMatch": true
    },
    {
        "id": 87089068,
        "price": "0.00005532",
        "qty": "1200.00000000",
        "quoteQty": "0.06638400",
        "time": 1629986912737,
        "isBuyerMaker": false,
        "isBestMatch": true
    },
    {
        "id": 87089069,
        "price": "0.00005532",
        "qty": "1300.00000000",
        "quoteQty": "0.07191600",
        "time": 1629986912737,
        "isBuyerMaker": false,
        "isBestMatch": true
    },
    {
        "id": 87089070,
        "price": "0.00005532",
        "qty": "83.70000000",
        "quoteQty": "0.00463028",
        "time": 1629986912737,
        "isBuyerMaker": false,
        "isBestMatch": true
    },
    {
        "id": 87089071,
        "price": "0.00005533",
        "qty": "97.80000000",
        "quoteQty": "0.00541127",
        "time": 1629986913358,
        "isBuyerMaker": false,
        "isBestMatch": true
    },
    {
        "id": 87089072,
        "price": "0.00005533",
        "qty": "3.00000000",
        "quoteQty": "0.00016599",
        "time": 1629986913358,
        "isBuyerMaker": false,
        "isBestMatch": true
    },
    {
        "id": 87089073,
        "price": "0.00005533",
        "qty": "3.70000000",
        "quoteQty": "0.00020472",
        "time": 1629986913358,
        "isBuyerMaker": false,
        "isBestMatch": true
    },
    {
        "id": 87089074,
        "price": "0.00005533",
        "qty": "17.00000000",
        "quoteQty": "0.00094061",
        "time": 1629986913358,
        "isBuyerMaker": false,
        "isBestMatch": true
    },
    {
        "id": 87089075,
        "price": "0.00005533",
        "qty": "23.60000000",
        "quoteQty": "0.00130578",
        "time": 1629986913358,
        "isBuyerMaker": false,
        "isBestMatch": true
    },
    {
        "id": 87089076,
        "price": "0.00005533",
        "qty": "20.00000000",
        "quoteQty": "0.00110660",
        "time": 1629986913358,
        "isBuyerMaker": false,
        "isBestMatch": true
    },
    {
        "id": 87089077,
        "price": "0.00005533",
        "qty": "23.00000000",
        "quoteQty": "0.00127259",
        "time": 1629986913358,
        "isBuyerMaker": false,
        "isBestMatch": true
    },
    {
        "id": 87089078,
        "price": "0.00005533",
        "qty": "2.40000000",
        "quoteQty": "0.00013279",
        "time": 1629986913358,
        "isBuyerMaker": false,
        "isBestMatch": true
    },
    {
        "id": 87089079,
        "price": "0.00005533",
        "qty": "6.00000000",
        "quoteQty": "0.00033198",
        "time": 1629986913358,
        "isBuyerMaker": false,
        "isBestMatch": true
    },
    {
        "id": 87089080,
        "price": "0.00005533",
        "qty": "68.00000000",
        "quoteQty": "0.00376244",
        "time": 1629986913358,
        "isBuyerMaker": false,
        "isBestMatch": true
    },
    {
        "id": 87089081,
        "price": "0.00005534",
        "qty": "25.50000000",
        "quoteQty": "0.00141117",
        "time": 1629986913358,
        "isBuyerMaker": false,
        "isBestMatch": true
    },
    {
        "id": 87089082,
        "price": "0.00005534",
        "qty": "14.00000000",
        "quoteQty": "0.00077476",
        "time": 1629986913358,
        "isBuyerMaker": false,
        "isBestMatch": true
    },
    {
        "id": 87089083,
        "price": "0.00005534",
        "qty": "14.00000000",
        "quoteQty": "0.00077476",
        "time": 1629986913358,
        "isBuyerMaker": false,
        "isBestMatch": true
    },
    {
        "id": 87089084,
        "price": "0.00005534",
        "qty": "8.00000000",
        "quoteQty": "0.00044272",
        "time": 1629986913358,
        "isBuyerMaker": false,
        "isBestMatch": true
    },
    {
        "id": 87089085,
        "price": "0.00005534",
        "qty": "3.60000000",
        "quoteQty": "0.00019922",
        "time": 1629986913358,
        "isBuyerMaker": false,
        "isBestMatch": true
    },
    {
        "id": 87089086,
        "price": "0.00005534",
        "qty": "21.90000000",
        "quoteQty": "0.00121194",
        "time": 1629986913358,
        "isBuyerMaker": false,
        "isBestMatch": true
    },
    {
        "id": 87089087,
        "price": "0.00005534",
        "qty": "7.00000000",
        "quoteQty": "0.00038738",
        "time": 1629986913358,
        "isBuyerMaker": false,
        "isBestMatch": true
    },
    {
        "id": 87089088,
        "price": "0.00005534",
        "qty": "35.00000000",
        "quoteQty": "0.00193690",
        "time": 1629986913358,
        "isBuyerMaker": false,
        "isBestMatch": true
    },
    {
        "id": 87089089,
        "price": "0.00005534",
        "qty": "3.00000000",
        "quoteQty": "0.00016602",
        "time": 1629986913358,
        "isBuyerMaker": false,
        "isBestMatch": true
    },
    {
        "id": 87089090,
        "price": "0.00005534",
        "qty": "5.00000000",
        "quoteQty": "0.00027670",
        "time": 1629986913358,
        "isBuyerMaker": false,
        "isBestMatch": true
    },
    {
        "id": 87089091,
        "price": "0.00005534",
        "qty": "25.00000000",
        "quoteQty": "0.00138350",
        "time": 1629986913358,
        "isBuyerMaker": false,
        "isBestMatch": true
    },
    {
        "id": 87089092,
        "price": "0.00005534",
        "qty": "10.00000000",
        "quoteQty": "0.00055340",
        "time": 1629986913358,
        "isBuyerMaker": false,
        "isBestMatch": true
    },
    {
        "id": 87089093,
        "price": "0.00005534",
        "qty": "2.10000000",
        "quoteQty": "0.00011621",
        "time": 1629986913358,
        "isBuyerMaker": false,
        "isBestMatch": true
    },
    {
        "id": 87089094,
        "price": "0.00005534",
        "qty": "68.00000000",
        "quoteQty": "0.00376312",
        "time": 1629986913358,
        "isBuyerMaker": false,
        "isBestMatch": true
    },
    {
        "id": 87089095,
        "price": "0.00005534",
        "qty": "535.80000000",
        "quoteQty": "0.02965117",
        "time": 1629986913358,
        "isBuyerMaker": false,
        "isBestMatch": true
    },
    {
        "id": 87089096,
        "price": "0.00005534",
        "qty": "462.70000000",
        "quoteQty": "0.02560581",
        "time": 1629986913358,
        "isBuyerMaker": false,
        "isBestMatch": true
    },
    {
        "id": 87089097,
        "price": "0.00005533",
        "qty": "21.30000000",
        "quoteQty": "0.00117852",
        "time": 1629986913908,
        "isBuyerMaker": true,
        "isBestMatch": true
    },
    {
        "id": 87089098,
        "price": "0.00005534",
        "qty": "279.10000000",
        "quoteQty": "0.01544539",
        "time": 1629986915298,
        "isBuyerMaker": false,
        "isBestMatch": true
    },
    {
        "id": 87089099,
        "price": "0.00005534",
        "qty": "27.90000000",
        "quoteQty": "0.00154398",
        "time": 1629986915544,
        "isBuyerMaker": false,
        "isBestMatch": true
    },
    {
        "id": 87089100,
        "price": "0.00005532",
        "qty": "8.00000000",
        "quoteQty": "0.00044256",
        "time": 1629986917279,
        "isBuyerMaker": true,
        "isBestMatch": true
    },
    {
        "id": 87089101,
        "price": "0.00005532",
        "qty": "2.80000000",
        "quoteQty": "0.00015489",
        "time": 1629986917790,
        "isBuyerMaker": true,
        "isBestMatch": true
    },
    {
        "id": 87089102,
        "price": "0.00005532",
        "qty": "5.20000000",
        "quoteQty": "0.00028766",
        "time": 1629986917790,
        "isBuyerMaker": true,
        "isBestMatch": true
    },
    {
        "id": 87089103,
        "price": "0.00005532",
        "qty": "8.00000000",
        "quoteQty": "0.00044256",
        "time": 1629986917957,
        "isBuyerMaker": true,
        "isBestMatch": true
    },
    {
        "id": 87089104,
        "price": "0.00005533",
        "qty": "173.00000000",
        "quoteQty": "0.00957209",
        "time": 1629986918856,
        "isBuyerMaker": false,
        "isBestMatch": true
    },
    {
        "id": 87089105,
        "price": "0.00005534",
        "qty": "588.40000000",
        "quoteQty": "0.03256205",
        "time": 1629986918856,
        "isBuyerMaker": false,
        "isBestMatch": true
    },
    {
        "id": 87089106,
        "price": "0.00005532",
        "qty": "18.70000000",
        "quoteQty": "0.00103448",
        "time": 1629986919043,
        "isBuyerMaker": true,
        "isBestMatch": true
    },
    {
        "id": 87089107,
        "price": "0.00005532",
        "qty": "18.70000000",
        "quoteQty": "0.00103448",
        "time": 1629986919095,
        "isBuyerMaker": true,
        "isBestMatch": true
    },
    {
        "id": 87089108,
        "price": "0.00005532",
        "qty": "38.20000000",
        "quoteQty": "0.00211322",
        "time": 1629986919642,
        "isBuyerMaker": true,
        "isBestMatch": true
    },
    {
        "id": 87089109,
        "price": "0.00005532",
        "qty": "593.00000000",
        "quoteQty": "0.03280476",
        "time": 1629986919642,
        "isBuyerMaker": true,
        "isBestMatch": true
    },
    {
        "id": 87089110,
        "price": "0.00005534",
        "qty": "404.60000000",
        "quoteQty": "0.02239056",
        "time": 1629986919853,
        "isBuyerMaker": false,
        "isBestMatch": true
    },
    {
        "id": 87089111,
        "price": "0.00005534",
        "qty": "38.70000000",
        "quoteQty": "0.00214165",
        "time": 1629986919853,
        "isBuyerMaker": false,
        "isBestMatch": true
    },
    {
        "id": 87089112,
        "price": "0.00005535",
        "qty": "4.70000000",
        "quoteQty": "0.00026014",
        "time": 1629986919853,
        "isBuyerMaker": false,
        "isBestMatch": true
    },
    {
        "id": 87089113,
        "price": "0.00005535",
        "qty": "4.00000000",
        "quoteQty": "0.00022140",
        "time": 1629986919853,
        "isBuyerMaker": false,
        "isBestMatch": true
    },
    {
        "id": 87089114,
        "price": "0.00005535",
        "qty": "5.00000000",
        "quoteQty": "0.00027675",
        "time": 1629986919853,
        "isBuyerMaker": false,
        "isBestMatch": true
    },
    {
        "id": 87089115,
        "price": "0.00005535",
        "qty": "5.60000000",
        "quoteQty": "0.00030996",
        "time": 1629986919853,
        "isBuyerMaker": false,
        "isBestMatch": true
    },
    {
        "id": 87089116,
        "price": "0.00005535",
        "qty": "3.00000000",
        "quoteQty": "0.00016605",
        "time": 1629986919853,
        "isBuyerMaker": false,
        "isBestMatch": true
    },
    {
        "id": 87089117,
        "price": "0.00005535",
        "qty": "4.50000000",
        "quoteQty": "0.00024907",
        "time": 1629986919853,
        "isBuyerMaker": false,
        "isBestMatch": true
    },
    {
        "id": 87089118,
        "price": "0.00005535",
        "qty": "42.80000000",
        "quoteQty": "0.00236898",
        "time": 1629986919853,
