[
    {
        "id": 3073558,
        "price": "2.96080000",
        "qty": "41.96000000",
        "quoteQty": "124.23516800",
        "time": 1629617013465,
        "isBuyerMaker": true,
        "isBestMatch": true
    },
    {
        "id": 3073559,
        "price": "2.96080000",
        "qty": "16.88000000",
        "quoteQty": "49.97830400",
        "time": 1629617129606,
        "isBuyerMaker": true,
        "isBestMatch": true
    },
    {
        "id": 3073560,
        "price": "2.97000000",
        "qty": "155.49000000",
        "quoteQty": "461.80530000",
        "time": 1629617230985,
        "isBuyerMaker": true,
        "isBestMatch": true
    },
    {
        "id": 3073561,
        "price": "2.97000000",
        "qty": "109.03000000",
        "quoteQty": "323.81910000",
        "time": 1629617230989,
        "isBuyerMaker": true,
        "isBestMatch": true
    },
    {
        "id": 3073562,
        "price": "2.97870000",
        "qty": "59.02000000",
        "quoteQty": "175.80287400",
        "time": 1629617333016,
        "isBuyerMaker": false,
        "isBestMatch": true
    },
    {
        "id": 3073563,
        "price": "2.97870000",
        "qty": "31.02000000",
        "quoteQty": "92.39927400",
        "time": 1629617333016,
        "isBuyerMaker": false,
        "isBestMatch": true
    },
    {
        "id": 3073564,
        "price": "2.97930000",
        "qty": "46.85000000",
        "quoteQty": "139.58020500",
        "time": 1629617333032,
        "isBuyerMaker": false,
        "isBestMatch": true
    },
    {
        "id": 3073565,
        "price": "2.97490000",
        "qty": "41.04000000",
        "quoteQty": "122.08989600",
        "time": 1629617344904,
        "isBuyerMaker": true,
        "isBestMatch": true
    },
    {
        "id": 3073566,
        "price": "2.97480000",
        "qty": "95.12000000",
        "quoteQty": "282.96297600",
        "time": 1629617344904,
        "isBuyerMaker": true,
        "isBestMatch": true
    },
    {
        "id": 3073567,
        "price": "2.97400000",
        "qty": "100.00000000",
        "quoteQty": "297.40000000",
        "time": 1629617344904,
        "isBuyerMaker": true,
        "isBestMatch": true
    },
    {
        "id": 3073568,
        "price": "2.97250000",
        "qty": "46.77000000",
        "quoteQty": "139.02382500",
        "time": 1629617344904,
        "isBuyerMaker": true,
        "isBestMatch": true
    },
    {
        "id": 3073569,
        "price": "2.97030000",
        "qty": "17.07000000",
        "quoteQty": "50.70302100",
        "time": 1629617344904,
        "isBuyerMaker": true,
        "isBestMatch": true
    },
    {
        "id": 3073570,
        "price": "2.98490000",
        "qty": "90.31000000",
        "quoteQty": "269.56631900",
        "time": 1629617353546,
        "isBuyerMaker": false,
        "isBestMatch": true
    },
    {
        "id": 3073571,
        "price": "2.98490000",
        "qty": "10.20000000",
        "quoteQty": "30.44598000",
        "time": 1629617353557,
        "isBuyerMaker": true,
        "isBestMatch": true
    },
    {
        "id": 3073572,
        "price": "2.98720000",
        "qty": "100.43000000",
        "quoteQty": "300.00449600",
        "time": 1629617382191,
        "isBuyerMaker": true,
        "isBestMatch": true
    },
    {
        "id": 3073573,
        "price": "2.97560000",
        "qty": "7.66000000",
        "quoteQty": "22.79309600",
        "time": 1629617410143,
        "isBuyerMaker": true,
        "isBestMatch": true
    },
    {
        "id": 3073574,
        "price": "2.98010000",
        "qty": "32.59000000",
        "quoteQty": "97.12145900",
        "time": 1629617410637,
        "isBuyerMaker": false,
        "isBestMatch": true
    },
    {
        "id": 3073575,
        "price": "2.97270000",
        "qty": "67.11000000",
        "quoteQty": "199.49789700",
        "time": 1629617421166,
        "isBuyerMaker": false,
        "isBestMatch": true
    },
    {
        "id": 3073576,
        "price": "2.96460000",
        "qty": "59.57000000",
        "quoteQty": "176.60122200",
        "time": 1629617589983,
        "isBuyerMaker": true,
        "isBestMatch": true
    },
    {
        "id": 3073577,
        "price": "2.96460000",
        "qty": "40.43000000",
        "quoteQty": "119.85877800",
        "time": 1629617589985,
        "isBuyerMaker": true,
        "isBestMatch": true
    },
    {
        "id": 3073578,
        "price": "2.96480000",
        "qty": "33.72000000",
        "quoteQty": "99.97305600",
        "time": 1629617591250,
        "isBuyerMaker": true,
        "isBestMatch": true
    },
    {
        "id": 3073579,
        "price": "2.96000000",
        "qty": "33.85000000",
        "quoteQty": "100.19600000",
        "time": 1629617603002,
        "isBuyerMaker": true,
        "isBestMatch": true
    },
    {
        "id": 3073580,
        "price": "2.96000000",
        "qty": "50.00000000",
        "quoteQty": "148.00000000",
        "time": 1629617603003,
        "isBuyerMaker": true,
        "isBestMatch": true
    },
    {
        "id": 3073581,
        "price": "2.95750000",
        "qty": "10.26000000",
        "quoteQty": "30.34395000",
        "time": 1629617614709,
        "isBuyerMaker": true,
        "isBestMatch": true
    },
    {
        "id": 3073582,
        "price": "2.95620000",
        "qty": "89.18000000",
        "quoteQty": "263.63391600",
        "time": 1629617665495,
        "isBuyerMaker": true,
        "isBestMatch": true
    },
    {
        "id": 3073583,
        "price": "2.95620000",
        "qty": "100.00000000",
        "quoteQty": "295.62000000",
        "time": 1629617665495,
        "isBuyerMaker": true,
        "isBestMatch": true
    },
    {
        "id": 3073584,
        "price": "2.95620000",
        "qty": "549.92000000",
        "quoteQty": "1625.67350400",
        "time": 1629617665503,
        "isBuyerMaker": false,
        "isBestMatch": true
    },
    {
        "id": 3073585,
        "price": "2.95620000",
        "qty": "100.00000000",
        "quoteQty": "295.62000000",
        "time": 1629617665505,
        "isBuyerMaker": false,
        "isBestMatch": true
    },
    {
        "id": 3073586,
        "price": "2.95740000",
        "qty": "118.87000000",
        "quoteQty": "351.54613800",
        "time": 1629617688784,
        "isBuyerMaker": true,
        "isBestMatch": true
    },
    {
        "id": 3073587,
        "price": "2.95730000",
        "qty": "100.00000000",
        "quoteQty": "295.73000000",
        "time": 1629617688784,
        "isBuyerMaker": true,
        "isBestMatch": true
    },
    {
        "id": 3073588,
        "price": "2.95720000",
        "qty": "47.01000000",
        "quoteQty": "139.01797200",
        "time": 1629617688784,
        "isBuyerMaker": true,
        "isBestMatch": true
    },
    {
        "id": 3073589,
        "price": "2.95720000",
        "qty": "88.43000000",
        "quoteQty": "261.50519600",
        "time": 1629617688784,
        "isBuyerMaker": true,
        "isBestMatch": true
    },
    {
        "id": 3073590,
        "price": "2.95720000",
        "qty": "100.00000000",
        "quoteQty": "295.72000000",
        "time": 1629617688784,
        "isBuyerMaker": true,
        "isBestMatch": true
    },
    {
        "id": 3073591,
        "price": "2.95620000",
        "qty": "798.77000000",
        "quoteQty": "2361.32387400",
        "time": 1629617688789,
        "isBuyerMaker": false,
        "isBestMatch": true
    },
    {
        "id": 3073592,
        "price": "2.95620000",
        "qty": "100.00000000",
        "quoteQty": "295.62000000",
        "time": 1629617688794,
        "isBuyerMaker": false,
        "isBestMatch": true
    },
    {
        "id": 3073593,
        "price": "2.95640000",
        "qty": "149.18000000",
        "quoteQty": "441.03575200",
        "time": 1629617689377,
        "isBuyerMaker": true,
        "isBestMatch": true
    },
    {
        "id": 3073594,
        "price": "2.95630000",
        "qty": "46.99000000",
        "quoteQty": "138.91653700",
        "time": 1629617689388,
        "isBuyerMaker": true,
        "isBestMatch": true
    },
    {
        "id": 3073595,
        "price": "2.95610000",
        "qty": "84.26000000",
        "quoteQty": "249.08098600",
        "time": 1629617689397,
        "isBuyerMaker": true,
        "isBestMatch": true
    },
    {
        "id": 3073596,
        "price": "2.95610000",
        "qty": "350.00000000",
        "quoteQty": "1034.63500000",
        "time": 1629617689399,
        "isBuyerMaker": true,
        "isBestMatch": true
    },
    {
        "id": 3073597,
        "price": "2.95610000",
        "qty": "200.00000000",
        "quoteQty": "591.22000000",
        "time": 1629617689399,
        "isBuyerMaker": true,
        "isBestMatch": true
    },
    {
        "id": 3073598,
        "price": "2.95610000",
        "qty": "150.00000000",
        "quoteQty": "443.41500000",
        "time": 1629617689400,
        "isBuyerMaker": true,
        "isBestMatch": true
    },
    {
        "id": 3073599,
        "price": "2.95610000",
        "qty": "65.74000000",
        "quoteQty": "194.33401400",
        "time": 1629617689403,
        "isBuyerMaker": true,
        "isBestMatch": true
    },
    {
        "id": 3073600,
        "price": "2.95610000",
        "qty": "300.00000000",
        "quoteQty": "886.83000000",
        "time": 1629617689405,
        "isBuyerMaker": true,
        "isBestMatch": true
    },
    {
        "id": 3073601,
        "price": "2.95560000",
        "qty": "47.00000000",
        "quoteQty": "138.91320000",
        "time": 1629617689447,
        "isBuyerMaker": true,
        "isBestMatch": true
    },
    {
        "id": 3073602,
        "price": "2.95980000",
        "qty": "7.66000000",
        "quoteQty": "22.67206800",
        "time": 1629617694962,
        "isBuyerMaker": false,
        "isBestMatch": true
    },
    {
        "id": 3073603,
        "price": "2.96520000",
        "qty": "149.18000000",
        "quoteQty": "442.34853600",
        "time": 1629617751752,
        "isBuyerMaker": false,
        "isBestMatch": true
    },
    {
        "id": 3073604,
        "price": "2.96600000",
        "qty": "5.05000000",
        "quoteQty": "14.97830000",
        "time": 1629617959676,
        "isBuyerMaker": true,
        "isBestMatch": true
    },
    {
        "id": 3073605,
        "price": "2.96520000",
        "qty": "67.44000000",
        "quoteQty": "199.97308800",
        "time": 1629617959676,
        "isBuyerMaker": true,
        "isBestMatch": true
    },
    {
        "id": 3073606,
        "price": "2.96520000",
        "qty": "100.00000000",
        "quoteQty": "296.52000000",
        "time": 1629617959676,
        "isBuyerMaker": true,
        "isBestMatch": true
    },
    {
        "id": 3073607,
        "price": "2.96400000",
        "qty": "100.00000000",
        "quoteQty": "296.40000000",
        "time": 1629617959676,
        "isBuyerMaker": true,
        "isBestMatch": true
    },
    {
        "id": 3073608,
        "price": "2.96190000",
        "qty": "41.18000000",
        "quoteQty": "121.97104200",
        "time": 1629617959676,
        "isBuyerMaker": true,
        "isBestMatch": true
    },
    {
        "id": 3073609,
        "price": "2.96180000",
        "qty": "18.46000000",
        "quoteQty": "54.67482800",
        "time": 1629617959676,
        "isBuyerMaker": true,
        "isBestMatch": true
    },
    {
        "id": 3073610,
        "price": "2.96180000",
        "qty": "19.93000000",
        "quoteQty": "59.02867400",
        "time": 1629617959676,
        "isBuyerMaker": true,
        "isBestMatch": true
    },
    {
        "id": 3073611,
        "price": "2.96180000",
        "qty": "23.22000000",
        "quoteQty": "68.77299600",
        "time": 1629617959676,
        "isBuyerMaker": true,
        "isBestMatch": true
    },
    {
        "id": 3073612,
        "price": "2.96100000",
        "qty": "100.00000000",
        "quoteQty": "296.10000000",
        "time": 1629617959676,
        "isBuyerMaker": true,
        "isBestMatch": true
    },
    {
        "id": 3073613,
        "price": "2.96070000",
        "qty": "46.88000000",
        "quoteQty": "138.79761600",
        "time": 1629617959676,
        "isBuyerMaker": true,
        "isBestMatch": true
    },
    {
        "id": 3073614,
        "price": "2.96000000",
        "qty": "65.86000000",
        "quoteQty": "194.94560000",
        "time": 1629617959676,
        "isBuyerMaker": true,
        "isBestMatch": true
    },
    {
        "id": 3073615,
        "price": "2.97250000",
        "qty": "72.19000000",
        "quoteQty": "214.58477500",
        "time": 1629618043837,
        "isBuyerMaker": false,
        "isBestMatch": true
    },
    {
        "id": 3073616,
        "price": "2.97250000",
        "qty": "33.24000000",
        "quoteQty": "98.80590000",
        "time": 1629618047798,
        "isBuyerMaker": false,
        "isBestMatch": true
    },
    {
        "id": 3073617,
        "price": "2.96700000",
        "qty": "5.05000000",
        "quoteQty": "14.98335000",
        "time": 1629618076404,
        "isBuyerMaker": true,
        "isBestMatch": true
    },
    {
        "id": 3073618,
        "price": "2.96520000",
        "qty": "100.00000000",
        "quoteQty": "296.52000000",
        "time": 1629618236199,
        "isBuyerMaker": false,
        "isBestMatch": true
    },
    {
        "id": 3073619,
        "price": "2.96530000",
        "qty": "82.49000000",
        "quoteQty": "244.60759700",
        "time": 1629618236199,
        "isBuyerMaker": false,
        "isBestMatch": true
    },
    {
        "id": 3073620,
        "price": "2.96610000",
        "qty": "100.00000000",
        "quoteQty": "296.61000000",
        "time": 1629618236199,
        "isBuyerMaker": false,
        "isBestMatch": true
    },
    {
        "id": 3073621,
        "price": "2.96620000",
        "qty": "54.55000000",
        "quoteQty": "161.80621000",
        "time": 1629618236199,
        "isBuyerMaker": false,
        "isBestMatch": true
    },
    {
        "id": 3073622,
        "price": "2.96590000",
        "qty": "94.06000000",
        "quoteQty": "278.97255400",
        "time": 1629618265616,
        "isBuyerMaker": false,
        "isBestMatch": true
    },
    {
        "id": 3073623,
        "price": "2.96700000",
        "qty": "476.47000000",
        "quoteQty": "1413.68649000",
        "time": 1629618265753,
        "isBuyerMaker": false,
        "isBestMatch": true
    },
    {
        "id": 3073624,
        "price": "2.98290000",
        "qty": "40.92000000",
        "quoteQty": "122.06026800",
        "time": 1629618424012,
        "isBuyerMaker": false,
        "isBestMatch": true
    },
    {
        "id": 3073625,
        "price": "2.98290000",
        "qty": "165.24000000",
        "quoteQty": "492.89439600",
        "time": 1629618483897,
        "isBuyerMaker": true,
        "isBestMatch": true
    },
    {
        "id": 3073626,
        "price": "2.98260000",
        "qty": "50.00000000",
        "quoteQty": "149.13000000",
        "time": 1629618547745,
        "isBuyerMaker": false,
        "isBestMatch": true
    },
    {
        "id": 3073627,
        "price": "2.98260000",
        "qty": "50.00000000",
        "quoteQty": "149.13000000",
        "time": 1629618547750,
        "isBuyerMaker": false,
        "isBestMatch": true
    },
    {
        "id": 3073628,
        "price": "2.98260000",
        "qty": "50.00000000",
        "quoteQty": "149.13000000",
        "time": 1629618547843,
        "isBuyerMaker": false,
        "isBestMatch": true
    },
    {
        "id": 3073629,
        "price": "2.98260000",
        "qty": "31.11000000",
        "quoteQty": "92.78868600",
        "time": 1629618547851,
        "isBuyerMaker": false,
        "isBestMatch": true
    },
    {
        "id": 3073630,
        "price": "2.98260000",
        "qty": "50.00000000",
        "quoteQty": "149.13000000",
        "time": 1629618547860,
        "isBuyerMaker": false,
        "isBestMatch": true
    },
    {
        "id": 3073631,
        "price": "2.98260000",
        "qty": "50.00000000",
        "quoteQty": "149.13000000",
        "time": 1629618557813,
        "isBuyerMaker": false,
        "isBestMatch": true
    },
    {
        "id": 3073632,
        "price": "2.98340000",
        "qty": "90.46000000",
        "quoteQty": "269.87836400",
        "time": 1629618561710,
        "isBuyerMaker": true,
        "isBestMatch": true
    },
    {
        "id": 3073633,
        "price": "2.98260000",
        "qty": "98.79000000",
        "quoteQty": "294.65105400",
        "time": 1629618561723,
        "isBuyerMaker": false,
        "isBestMatch": true
    },
    {
        "id": 3073634,
        "price": "2.99490000",
        "qty": "82.37000000",
        "quoteQty": "246.68991300",
        "time": 1629618588760,
        "isBuyerMaker": false,
        "isBestMatch": true
    },
    {
        "id": 3073635,
        "price": "3.00000000",
        "qty": "57.64000000",
        "quoteQty": "172.92000000",
        "time": 1629618628412,
        "isBuyerMaker": false,
        "isBestMatch": true
    },
    {
        "id": 3073636,
        "price": "3.00000000",
        "qty": "56.95000000",
        "quoteQty": "170.85000000",
        "time": 1629618628412,
        "isBuyerMaker": false,
        "isBestMatch": true
    },
    {
        "id": 3073637,
        "price": "3.00000000",
        "qty": "331.16000000",
        "quoteQty": "993.48000000",
        "time": 1629618638376,
        "isBuyerMaker": false,
        "isBestMatch": true
    },
    {
        "id": 3073638,
        "price": "3.00000000",
        "qty": "47.93000000",
        "quoteQty": "143.79000000",
        "time": 1629618638456,
        "isBuyerMaker": false,
        "isBestMatch": true
    },
    {
        "id": 3073639,
        "price": "3.00000000",
        "qty": "66.66000000",
        "quoteQty": "199.98000000",
        "time": 1629618638456,
        "isBuyerMaker": false,
        "isBestMatch": true
    },
    {
        "id": 3073640,
        "price": "2.99330000",
        "qty": "3.67000000",
        "quoteQty": "10.98541100",
        "time": 1629618712892,
        "isBuyerMaker": true,
        "isBestMatch": true
    },
    {
        "id": 3073641,
        "price": "2.98600000",
        "qty": "5.01000000",
        "quoteQty": "14.95986000",
        "time": 1629618762814,
        "isBuyerMaker": true,
        "isBestMatch": true
    },
    {
        "id": 3073642,
        "price": "2.98600000",
        "qty": "17.75000000",
        "quoteQty": "53.00150000",
        "time": 1629618781520,
        "isBuyerMaker": true,
        "isBestMatch": true
    },
    {
        "id": 3073643,
        "price": "2.99270000",
        "qty": "66.83000000",
        "quoteQty": "200.00214100",
        "time": 1629618817857,
        "isBuyerMaker": true,
        "isBestMatch": true
    },
    {
        "id": 3073644,
        "price": "2.99270000",
        "qty": "66.83000000",
        "quoteQty": "200.00214100",
        "time": 1629618817857,
        "isBuyerMaker": true,
        "isBestMatch": true
    },
    {
        "id": 3073645,
        "price": "2.99270000",
        "qty": "11.81000000",
        "quoteQty": "35.34378700",
        "time": 1629618817857,
        "isBuyerMaker": true,
        "isBestMatch": true
    },
    {
        "id": 3073646,
        "price": "2.99270000",
        "qty": "55.02000000",
        "quoteQty": "164.65835400",
        "time": 1629618817862,
        "isBuyerMaker": true,
        "isBestMatch": true
    },
    {
        "id": 3073647,
        "price": "2.99270000",
        "qty": "66.83000000",
        "quoteQty": "200.00214100",
        "time": 1629618817939,
        "isBuyerMaker": true,
        "isBestMatch": true
    },
    {
        "id": 3073648,
        "price": "2.99270000",
        "qty": "66.83000000",
        "quoteQty": "200.00214100",
        "time": 1629618818024,
        "isBuyerMaker": true,
        "isBestMatch": true
    },
    {
        "id": 3073649,
        "price": "2.99260000",
        "qty": "66.83000000",
        "quoteQty": "199.99545800",
        "time": 1629618818040,
        "isBuyerMaker": true,
        "isBestMatch": true
    },
    {
        "id": 3073650,
        "price": "2.99270000",
        "qty": "66.83000000",
        "quoteQty": "200.00214100",
        "time": 1629618818158,
        "isBuyerMaker": true,
        "isBestMatch": true
    },
    {
        "id": 3073651,
        "price": "2.99200000",
        "qty": "5.01000000",
        "quoteQty": "14.98992000",
        "time": 1629618818797,
        "isBuyerMaker": true,
        "isBestMatch": true
    },
    {
        "id": 3073652,
        "price": "2.99110000",
        "qty": "50.00000000",
        "quoteQty": "149.55500000",
        "time": 1629618819174,
        "isBuyerMaker": true,
        "isBestMatch": true
    },
    {
        "id": 3073653,
        "price": "2.99110000",
        "qty": "16.87000000",
        "quoteQty": "50.45985700",
        "time": 1629618819179,
        "isBuyerMaker": true,
        "isBestMatch": true
    },
    {
        "id": 3073654,
        "price": "2.99290000",
        "qty": "16.71000000",
        "quoteQty": "50.01135900",
        "time": 1629618819205,
        "isBuyerMaker": false,
        "isBestMatch": true
    },
    {
        "id": 3073655,
        "price": "2.99290000",
        "qty": "33.41000000",
        "quoteQty": "99.99278900",
        "time": 1629618819229,
        "isBuyerMaker": false,
        "isBestMatch": true
    },
    {
        "id": 3073656,
        "price": "2.99290000",
        "qty": "16.71000000",
        "quoteQty": "50.01135900",
        "time": 1629618819240,
        "isBuyerMaker": false,
        "isBestMatch": true
    },
    {
        "id": 3073657,
        "price": "2.99290000",
        "qty": "17.76000000",
        "quoteQty": "53.15390400",
        "time": 1629618819247,
        "isBuyerMaker": false,
        "isBestMatch": true
    },
    {
        "id": 3073658,
        "price": "2.99110000",
        "qty": "66.87000000",
        "quoteQty": "200.01485700",
        "time": 1629618819622,
        "isBuyerMaker": true,
        "isBestMatch": true
    },
    {
        "id": 3073659,
        "price": "2.99260000",
        "qty": "66.83000000",
        "quoteQty": "199.99545800",
        "time": 1629618819695,
        "isBuyerMaker": true,
        "isBestMatch": true
    },
    {
        "id": 3073660,
        "price": "2.99040000",
        "qty": "66.88000000",
        "quoteQty": "199.99795200",
        "time": 1629618819924,
        "isBuyerMaker": true,
        "isBestMatch": true
    },
    {
        "id": 3073661,
        "price": "2.99050000",
        "qty": "7.56000000",
        "quoteQty": "22.60818000",
        "time": 1629618871226,
        "isBuyerMaker": true,
        "isBestMatch": true
    },
    {
        "id": 3073662,
        "price": "2.99040000",
        "qty": "50.16000000",
        "quoteQty": "149.99846400",
        "time": 1629618871237,
        "isBuyerMaker": true,
        "isBestMatch": true
    },
    {
        "id": 3073663,
        "price": "2.98700000",
        "qty": "5.02000000",
        "quoteQty": "14.99474000",
        "time": 1629618885404,
        "isBuyerMaker": true,
        "isBestMatch": true
    },
    {
        "id": 3073664,
        "price": "2.98750000",
        "qty": "38.32000000",
        "quoteQty": "114.48100000",
        "time": 1629618972922,
        "isBuyerMaker": true,
        "isBestMatch": true
    },
    {
        "id": 3073665,
        "price": "2.98800000",
        "qty": "5.02000000",
        "quoteQty": "14.99976000",
        "time": 1629618975929,
        "isBuyerMaker": true,
        "isBestMatch": true
    },
    {
        "id": 3073666,
        "price": "2.98610000",
        "qty": "27.87000000",
        "quoteQty": "83.22260700",
        "time": 1629618976082,
        "isBuyerMaker": true,
        "isBestMatch": true
    },
    {
        "id": 3073667,
        "price": "2.98400000",
        "qty": "5.01000000",
        "quoteQty": "14.94984000",
        "time": 1629618980614,
        "isBuyerMaker": true,
        "isBestMatch": true
    },
    {
        "id": 3073668,
        "price": "2.98200000",
        "qty": "5.03000000",
        "quoteQty": "14.99946000",
        "time": 1629619002744,
        "isBuyerMaker": true,
        "isBestMatch": true
    },
    {
        "id": 3073669,
        "price": "2.98400000",
        "qty": "5.02000000",
        "quoteQty": "14.97968000",
        "time": 1629619098389,
        "isBuyerMaker": true,
        "isBestMatch": true
    },
    {
        "id": 3073670,
        "price": "2.98300000",
        "qty": "6.70000000",
        "quoteQty": "19.98610000",
        "time": 1629619100690,
        "isBuyerMaker": true,
        "isBestMatch": true
    },
    {
        "id": 3073671,
        "price": "2.98000000",
        "qty": "100.00000000",
        "quoteQty": "298.00000000",
        "time": 1629619110048,
        "isBuyerMaker": true,
        "isBestMatch": true
    },
    {
        "id": 3073672,
        "price": "2.98000000",
        "qty": "99.68000000",
        "quoteQty": "297.04640000",
        "time": 1629619110055,
        "isBuyerMaker": true,
        "isBestMatch": true
    },
    {
        "id": 3073673,
        "price": "2.98000000",
        "qty": "87.90000000",
        "quoteQty": "261.94200000",
        "time": 1629619110251,
        "isBuyerMaker": true,
        "isBestMatch": true
    },
    {
        "id": 3073674,
        "price": "2.98000000",
        "qty": "3.66000000",
        "quoteQty": "10.90680000",
        "time": 1629619110251,
        "isBuyerMaker": true,
        "isBestMatch": true
    },
    {
        "id": 3073675,
        "price": "2.98000000",
        "qty": "8.44000000",
        "quoteQty": "25.15120000",
        "time": 1629619110251,
        "isBuyerMaker": true,
        "isBestMatch": true
    },
    {
        "id": 3073676,
        "price": "2.97820000",
        "qty": "28.98000000",
        "quoteQty": "86.30823600",
        "time": 1629619110882,
        "isBuyerMaker": true,
        "isBestMatch": true
    },
    {
        "id": 3073677,
        "price": "2.97820000",
        "qty": "11.00000000",
        "quoteQty": "32.76020000",
        "time": 1629619110882,
        "isBuyerMaker": true,
        "isBestMatch": true
    },
    {
        "id": 3073678,
        "price": "2.97820000",
        "qty": "29.60000000",
        "quoteQty": "88.15472000",
        "time": 1629619111129,
        "isBuyerMaker": true,
        "isBestMatch": true
    },
    {
        "id": 3073679,
        "price": "2.97820000",
        "qty": "17.89000000",
        "quoteQty": "53.27999800",
        "time": 1629619111129,
        "isBuyerMaker": true,
        "isBestMatch": true
    },
    {
        "id": 3073680,
        "price": "2.97600000",
        "qty": "5.04000000",
        "quoteQty": "14.99904000",
        "time": 1629619146802,
        "isBuyerMaker": true,
        "isBestMatch": true
    },
    {
        "id": 3073681,
        "price": "2.97390000",
        "qty": "43.66000000",
        "quoteQty": "129.84047400",
        "time": 1629619146860,
        "isBuyerMaker": true,
        "isBestMatch": true
    },
    {
        "id": 3073682,
        "price": "2.97300000",
        "qty": "5.04000000",
        "quoteQty": "14.98392000",
        "time": 1629619149683,
        "isBuyerMaker": true,
        "isBestMatch": true
    },
    {
        "id": 3073683,
        "price": "2.97380000",
        "qty": "245.80000000",
        "quoteQty": "730.96004000",
        "time": 1629619178726,
        "isBuyerMaker": false,
        "isBestMatch": true
    },
    {
        "id": 3073684,
        "price": "2.97380000",
        "qty": "58.08000000",
        "quoteQty": "172.71830400",
        "time": 1629619178728,
        "isBuyerMaker": false,
        "isBestMatch": true
    },
    {
        "id": 3073685,
        "price": "2.97390000",
        "qty": "3.52000000",
        "quoteQty": "10.46812800",
        "time": 1629619182985,
        "isBuyerMaker": false,
        "isBestMatch": true
    },
    {
        "id": 3073686,
        "price": "2.97920000",
        "qty": "67.13000000",
        "quoteQty": "199.99369600",
        "time": 1629619188150,
        "isBuyerMaker": true,
        "isBestMatch": true
    },
    {
        "id": 3073687,
        "price": "2.97890000",
        "qty": "67.14000000",
        "quoteQty": "200.00334600",
        "time": 1629619188896,
        "isBuyerMaker": true,
        "isBestMatch": true
    },
    {
        "id": 3073688,
        "price": "2.97500000",
        "qty": "5.04000000",
        "quoteQty": "14.99400000",
        "time": 1629619211502,
        "isBuyerMaker": true,
        "isBestMatch": true
    },
    {
        "id": 3073689,
        "price": "2.97500000",
        "qty": "12.69000000",
        "quoteQty": "37.75275000",
        "time": 1629619211511,
        "isBuyerMaker": false,
        "isBestMatch": true
    },
    {
        "id": 3073690,
        "price": "2.98240000",
        "qty": "7.56000000",
        "quoteQty": "22.54694400",
        "time": 1629619219895,
        "isBuyerMaker": false,
        "isBestMatch": true
    },
    {
        "id": 3073691,
        "price": "2.98250000",
        "qty": "100.00000000",
        "quoteQty": "298.25000000",
        "time": 1629619219895,
        "isBuyerMaker": false,
        "isBestMatch": true
    },
    {
        "id": 3073692,
        "price": "2.98900000",
        "qty": "46.65000000",
        "quoteQty": "139.43685000",
        "time": 1629619247416,
        "isBuyerMaker": false,
        "isBestMatch": true
    },
    {
        "id": 3073693,
        "price": "2.98600000",
        "qty": "31.45000000",
        "quoteQty": "93.90970000",
        "time": 1629619313356,
        "isBuyerMaker": false,
        "isBestMatch": true
    },
    {
        "id": 3073694,
        "price": "2.98100000",
        "qty": "5.03000000",
        "quoteQty": "14.99443000",
        "time": 1629619323362,
        "isBuyerMaker": true,
        "isBestMatch": true
    },
    {
        "id": 3073695,
        "price": "2.98300000",
        "qty": "5.02000000",
        "quoteQty": "14.97466000",
        "time": 1629619339565,
        "isBuyerMaker": true,
        "isBestMatch": true
    },
    {
        "id": 3073696,
        "price": "2.99280000",
        "qty": "60.81000000",
        "quoteQty": "181.99216800",
        "time": 1629619479731,
        "isBuyerMaker": true,
        "isBestMatch": true
    },
    {
        "id": 3073697,
        "price": "2.99280000",
        "qty": "6.02000000",
        "quoteQty": "18.01665600",
        "time": 1629619479773,
        "isBuyerMaker": true,
        "isBestMatch": true
    },
    {
        "id": 3073698,
        "price": "2.99280000",
        "qty": "16.83000000",
        "quoteQty": "50.36882400",
        "time": 1629619479773,
        "isBuyerMaker": true,
        "isBestMatch": true
    },
    {
        "id": 3073699,
        "price": "2.99280000",
        "qty": "50.00000000",
        "quoteQty": "149.64000000",
        "time": 1629619479781,
        "isBuyerMaker": true,
        "isBestMatch": true
    },
    {
        "id": 3073700,
        "price": "2.99270000",
        "qty": "33.66000000",
        "quoteQty": "100.73428200",
        "time": 1629619479792,
        "isBuyerMaker": true,
        "isBestMatch": true
    },
    {
        "id": 3073701,
        "price": "2.99270000",
        "qty": "33.17000000",
        "quoteQty": "99.26785900",
        "time": 1629619479841,
        "isBuyerMaker": true,
        "isBestMatch": true
    },
    {
        "id": 3073702,
        "price": "2.99270000",
        "qty": "66.83000000",
        "quoteQty": "200.00214100",
        "time": 1629619479841,
        "isBuyerMaker": true,
        "isBestMatch": true
    },
    {
        "id": 3073703,
        "price": "2.99250000",
        "qty": "66.83000000",
        "quoteQty": "199.98877500",
        "time": 1629619480571,
        "isBuyerMaker": true,
        "isBestMatch": true
    },
    {
        "id": 3073704,
        "price": "2.99100000",
        "qty": "456.36000000",
        "quoteQty": "1364.97276000",
        "time": 1629619493498,
        "isBuyerMaker": false,
        "isBestMatch": true
    },
    {
        "id": 3073705,
        "price": "2.99100000",
        "qty": "73.33000000",
        "quoteQty": "219.33003000",
        "time": 1629619493499,
        "isBuyerMaker": false,
        "isBestMatch": true
    },
    {
        "id": 3073706,
        "price": "2.99100000",
        "qty": "50.00000000",
        "quoteQty": "149.55000000",
        "time": 1629619493501,
        "isBuyerMaker": false,
        "isBestMatch": true
    },
    {
        "id": 3073707,
        "price": "2.99100000",
        "qty": "190.48000000",
        "quoteQty": "569.72568000",
        "time": 1629619518100,
        "isBuyerMaker": true,
        "isBestMatch": true
    },
    {
        "id": 3073708,
        "price": "2.98240000",
        "qty": "79.46000000",
        "quoteQty": "236.98150400",
        "time": 1629619573895,
        "isBuyerMaker": true,
        "isBestMatch": true
    },
    {
        "id": 3073709,
        "price": "2.98210000",
        "qty": "22.28000000",
        "quoteQty": "66.44118800",
        "time": 1629619573895,
        "isBuyerMaker": true,
        "isBestMatch": true
    },
    {
        "id": 3073710,
        "price": "2.98210000",
        "qty": "43.61000000",
        "quoteQty": "130.04938100",
        "time": 1629619573895,
        "isBuyerMaker": true,
        "isBestMatch": true
    },
    {
        "id": 3073711,
        "price": "2.98200000",
        "qty": "24.44000000",
        "quoteQty": "72.88008000",
        "time": 1629619573895,
        "isBuyerMaker": true,
        "isBestMatch": true
    },
    {
        "id": 3073712,
        "price": "2.98170000",
        "qty": "100.00000000",
        "quoteQty": "298.17000000",
        "time": 1629619573895,
        "isBuyerMaker": true,
        "isBestMatch": true
    },
    {
        "id": 3073713,
        "price": "2.98130000",
        "qty": "86.43000000",
        "quoteQty": "257.67375900",
        "time": 1629619573895,
        "isBuyerMaker": true,
        "isBestMatch": true
    },
    {
        "id": 3073714,
        "price": "2.98000000",
        "qty": "41.05000000",
        "quoteQty": "122.32900000",
        "time": 1629619573895,
        "isBuyerMaker": true,
        "isBestMatch": true
    },
    {
        "id": 3073715,
        "price": "2.97990000",
        "qty": "79.88000000",
        "quoteQty": "238.03441200",
        "time": 1629619573895,
        "isBuyerMaker": true,
        "isBestMatch": true
    },
    {
        "id": 3073716,
        "price": "2.97950000",
        "qty": "28.40000000",
        "quoteQty": "84.61780000",
        "time": 1629619573895,
        "isBuyerMaker": true,
        "isBestMatch": true
    },
    {
        "id": 3073717,
        "price": "2.97950000",
        "qty": "20.27000000",
        "quoteQty": "60.39446500",
        "time": 1629619573895,
        "isBuyerMaker": true,
        "isBestMatch": true
    },
    {
        "id": 3073718,
        "price": "2.97850000",
        "qty": "94.58000000",
        "quoteQty": "281.70653000",
        "time": 1629619573895,
        "isBuyerMaker": true,
        "isBestMatch": true
    },
    {
        "id": 3073719,
        "price": "2.97800000",
        "qty": "71.19000000",
        "quoteQty": "212.00382000",
        "time": 1629619573895,
        "isBuyerMaker": true,
        "isBestMatch": true
    },
    {
        "id": 3073720,
        "price": "2.99000000",
        "qty": "48.00000000",
        "quoteQty": "143.52000000",
        "time": 1629619611051,
        "isBuyerMaker": false,
        "isBestMatch": true
    },
    {
        "id": 3073721,
        "price": "2.99100000",
        "qty": "5.01000000",
        "quoteQty": "14.98491000",
        "time": 1629619622197,
        "isBuyerMaker": true,
        "isBestMatch": true
    },
    {
        "id": 3073722,
        "price": "2.99000000",
        "qty": "66.89000000",
        "quoteQty": "200.00110000",
        "time": 1629619622285,
        "isBuyerMaker": true,
        "isBestMatch": true
    },
    {
        "id": 3073723,
        "price": "2.99050000",
        "qty": "55.64000000",
        "quoteQty": "166.39142000",
        "time": 1629619622756,
        "isBuyerMaker": true,
        "isBestMatch": true
    },
    {
        "id": 3073724,
        "price": "2.99050000",
        "qty": "11.24000000",
        "quoteQty": "33.61322000",
        "time": 1629619622764,
        "isBuyerMaker": true,
        "isBestMatch": true
    },
    {
        "id": 3073725,
        "price": "2.98800000",
        "qty": "5.02000000",
        "quoteQty": "14.99976000",
        "time": 1629619671596,
        "isBuyerMaker": true,
        "isBestMatch": true
    },
    {
        "id": 3073726,
        "price": "2.99300000",
        "qty": "329.56000000",
        "quoteQty": "986.37308000",
        "time": 1629619712883,
        "isBuyerMaker": false,
        "isBestMatch": true
    },
    {
        "id": 3073727,
        "price": "2.99300000",
        "qty": "136.96000000",
        "quoteQty": "409.92128000",
        "time": 1629619712883,
        "isBuyerMaker": false,
        "isBestMatch": true
    },
    {
        "id": 3073728,
        "price": "2.99300000",
        "qty": "75.97000000",
        "quoteQty": "227.37821000",
        "time": 1629619712883,
        "isBuyerMaker": false,
        "isBestMatch": true
    },
    {
        "id": 3073729,
        "price": "2.99300000",
        "qty": "258.94000000",
        "quoteQty": "775.00742000",
        "time": 1629619712883,
        "isBuyerMaker": false,
        "isBestMatch": true
    },
    {
        "id": 3073730,
        "price": "2.99310000",
        "qty": "41.05000000",
        "quoteQty": "122.86675500",
        "time": 1629619712883,
        "isBuyerMaker": false,
        "isBestMatch": true
    },
    {
        "id": 3073731,
        "price": "2.99330000",
        "qty": "58.34000000",
        "quoteQty": "174.62912200",
        "time": 1629619712883,
        "isBuyerMaker": false,
        "isBestMatch": true
    },
    {
        "id": 3073732,
        "price": "2.99320000",
        "qty": "7.49000000",
        "quoteQty": "22.41906800",
        "time": 1629619726169,
        "isBuyerMaker": false,
        "isBestMatch": true
    },
    {
        "id": 3073733,
        "price": "2.99390000",
        "qty": "66.80000000",
        "quoteQty": "199.99252000",
        "time": 1629619727324,
        "isBuyerMaker": true,
        "isBestMatch": true
    },
    {
        "id": 3073734,
        "price": "2.99490000",
        "qty": "100.00000000",
        "quoteQty": "299.49000000",
        "time": 1629619727362,
        "isBuyerMaker": false,
        "isBestMatch": true
    },
    {
        "id": 3073735,
        "price": "2.99520000",
        "qty": "100.00000000",
        "quoteQty": "299.52000000",
        "time": 1629619727563,
        "isBuyerMaker": false,
        "isBestMatch": true
    },
    {
        "id": 3073736,
        "price": "2.99410000",
        "qty": "7.52000000",
        "quoteQty": "22.51563200",
        "time": 1629619727969,
        "isBuyerMaker": true,
        "isBestMatch": true
    },
    {
        "id": 3073737,
        "price": "2.99420000",
        "qty": "66.80000000",
        "quoteQty": "200.01256000",
        "time": 1629619728040,
        "isBuyerMaker": true,
        "isBestMatch": true
    },
    {
        "id": 3073738,
        "price": "2.99400000",
        "qty": "50.00000000",
        "quoteQty": "149.70000000",
        "time": 1629619728405,
        "isBuyerMaker": true,
        "isBestMatch": true
    },
    {
        "id": 3073739,
        "price": "2.99400000",
        "qty": "16.80000000",
        "quoteQty": "50.29920000",
        "time": 1629619728406,
        "isBuyerMaker": true,
        "isBestMatch": true
    },
    {
        "id": 3073740,
        "price": "2.99400000",
        "qty": "16.80000000",
        "quoteQty": "50.29920000",
        "time": 1629619728406,
        "isBuyerMaker": true,
        "isBestMatch": true
    },
    {
        "id": 3073741,
        "price": "2.99400000",
        "qty": "50.00000000",
        "quoteQty": "149.70000000",
        "time": 1629619728408,
        "isBuyerMaker": true,
        "isBestMatch": true
    },
    {
        "id": 3073742,
        "price": "2.99300000",
        "qty": "5.01000000",
        "quoteQty": "14.99493000",
        "time": 1629619756399,
        "isBuyerMaker": true,
        "isBestMatch": true
    },
    {
        "id": 3073743,
        "price": "2.99190000",
        "qty": "3.54000000",
        "quoteQty": "10.59132600",
        "time": 1629619756399,
        "isBuyerMaker": true,
        "isBestMatch": true
    },
    {
        "id": 3073744,
        "price": "2.99300000",
        "qty": "5.01000000",
        "quoteQty": "14.99493000",
        "time": 1629619765922,
        "isBuyerMaker": true,
        "isBestMatch": true
    },
    {
        "id": 3073745,
        "price": "2.99300000",
        "qty": "9.80000000",
        "quoteQty": "29.33140000",
        "time": 1629619776591,
        "isBuyerMaker": true,
        "isBestMatch": true
    },
    {
        "id": 3073746,
        "price": "2.99300000",
        "qty": "48.59000000",
        "quoteQty": "145.42987000",
        "time": 1629619820880,
        "isBuyerMaker": true,
        "isBestMatch": true
    },
    {
        "id": 3073747,
        "price": "2.99480000",
        "qty": "16.70000000",
        "quoteQty": "50.01316000",
        "time": 1629619836502,
        "isBuyerMaker": false,
        "isBestMatch": true
    },
    {
        "id": 3073748,
        "price": "2.99480000",
        "qty": "12.25000000",
        "quoteQty": "36.68630000",
        "time": 1629619836517,
        "isBuyerMaker": false,
        "isBestMatch": true
    },
    {
        "id": 3073749,
        "price": "2.99810000",
        "qty": "7.52000000",
        "quoteQty": "22.54571200",
        "time": 1629619849668,
        "isBuyerMaker": false,
        "isBestMatch": true
    },
    {
        "id": 3073750,
        "price": "3.00120000",
        "qty": "16.66000000",
        "quoteQty": "49.99999200",
        "time": 1629619861822,
        "isBuyerMaker": false,
        "isBestMatch": true
    },
    {
        "id": 3073751,
        "price": "3.00000000",
        "qty": "5.00000000",
        "quoteQty": "15.00000000",
        "time": 1629619878582,
        "isBuyerMaker": true,
        "isBestMatch": true
    },
    {
        "id": 3073752,
        "price": "2.99700000",
        "qty": "5.00000000",
        "quoteQty": "14.98500000",
        "time": 1629619887516,
        "isBuyerMaker": true,
        "isBestMatch": true
    },
    {
        "id": 3073753,
        "price": "2.99400000",
        "qty": "5.01000000",
        "quoteQty": "14.99994000",
        "time": 1629619902259,
        "isBuyerMaker": true,
        "isBestMatch": true
    },
    {
        "id": 3073754,
        "price": "2.99100000",
        "qty": "5.01000000",
        "quoteQty": "14.98491000",
        "time": 1629619923350,
        "isBuyerMaker": true,
        "isBestMatch": true
    },
    {
        "id": 3073755,
        "price": "2.99250000",
        "qty": "66.78000000",
        "quoteQty": "199.83915000",
        "time": 1629619928208,
        "isBuyerMaker": false,
        "isBestMatch": true
    },
    {
        "id": 3073756,
        "price": "2.98500000",
        "qty": "5.02000000",
        "quoteQty": "14.98470000",
        "time": 1629619932105,
        "isBuyerMaker": true,
        "isBestMatch": true
    },
    {
        "id": 3073757,
        "price": "2.98910000",
        "qty": "66.81000000",
        "quoteQty": "199.70177100",
        "time": 1629619938742,
        "isBuyerMaker": false,
        "isBestMatch": true
    },
    {
        "id": 3073758,
        "price": "2.98710000",
        "qty": "66.69000000",
        "quoteQty": "199.20969900",
        "time": 1629619959178,
        "isBuyerMaker": false,
        "isBestMatch": true
    },
    {
        "id": 3073759,
        "price": "2.98600000",
        "qty": "5.02000000",
        "quoteQty": "14.98972000",
        "time": 1629620014863,
        "isBuyerMaker": true,
        "isBestMatch": true
    },
    {
        "id": 3073760,
        "price": "2.97700000",
        "qty": "5.03000000",
        "quoteQty": "14.97431000",
        "time": 1629620077667,
        "isBuyerMaker": true,
        "isBestMatch": true
    },
    {
        "id": 3073761,
        "price": "2.97170000",
        "qty": "67.61000000",
        "quoteQty": "200.91663700",
        "time": 1629620100778,
        "isBuyerMaker": true,
        "isBestMatch": true
    },
    {
        "id": 3073762,
        "price": "2.96700000",
        "qty": "5.05000000",
        "quoteQty": "14.98335000",
        "time": 1629620116435,
        "isBuyerMaker": true,
        "isBestMatch": true
    },
    {
        "id": 3073763,
        "price": "2.96700000",
        "qty": "45.59000000",
        "quoteQty": "135.26553000",
        "time": 1629620131681,
        "isBuyerMaker": false,
        "isBestMatch": true
    },
    {
        "id": 3073764,
        "price": "2.96500000",
        "qty": "5.05000000",
        "quoteQty": "14.97325000",
        "time": 1629620169202,
        "isBuyerMaker": true,
        "isBestMatch": true
    },
    {
        "id": 3073765,
        "price": "2.96000000",
        "qty": "5.06000000",
        "quoteQty": "14.97760000",
        "time": 1629620174349,
        "isBuyerMaker": true,
        "isBestMatch": true
    },
    {
        "id": 3073766,
        "price": "2.95810000",
        "qty": "33.70000000",
        "quoteQty": "99.68797000",
        "time": 1629620179571,
        "isBuyerMaker": true,
        "isBestMatch": true
    },
    {
        "id": 3073767,
        "price": "2.95400000",
        "qty": "5.07000000",
        "quoteQty": "14.97678000",
        "time": 1629620198393,
        "isBuyerMaker": true,
        "isBestMatch": true
    },
    {
        "id": 3073768,
        "price": "2.95400000",
        "qty": "99.28000000",
        "quoteQty": "293.27312000",
        "time": 1629620198393,
        "isBuyerMaker": true,
        "isBestMatch": true
    },
    {
        "id": 3073769,
        "price": "2.95400000",
        "qty": "4.13000000",
        "quoteQty": "12.20002000",
        "time": 1629620211958,
        "isBuyerMaker": true,
        "isBestMatch": true
    },
    {
        "id": 3073770,
        "price": "2.96000000",
        "qty": "100.00000000",
        "quoteQty": "296.00000000",
        "time": 1629620216007,
        "isBuyerMaker": false,
        "isBestMatch": true
    },
    {
        "id": 3073771,
        "price": "2.96000000",
        "qty": "89.17000000",
        "quoteQty": "263.94320000",
        "time": 1629620216008,
        "isBuyerMaker": false,
        "isBestMatch": true
    },
    {
        "id": 3073772,
        "price": "2.96000000",
        "qty": "100.00000000",
        "quoteQty": "296.00000000",
        "time": 1629620216008,
        "isBuyerMaker": false,
        "isBestMatch": true
    },
    {
        "id": 3073773,
        "price": "2.96000000",
        "qty": "50.00000000",
        "quoteQty": "148.00000000",
        "time": 1629620216008,
        "isBuyerMaker": false,
        "isBestMatch": true
    },
    {
        "id": 3073774,
        "price": "2.96000000",
        "qty": "50.00000000",
        "quoteQty": "148.00000000",
        "time": 1629620216010,
        "isBuyerMaker": false,
        "isBestMatch": true
    },
    {
        "id": 3073775,
        "price": "2.96000000",
        "qty": "88.72000000",
        "quoteQty": "262.61120000",
        "time": 1629620216013,
        "isBuyerMaker": false,
        "isBestMatch": true
    },
    {
        "id": 3073776,
        "price": "2.96000000",
        "qty": "100.00000000",
        "quoteQty": "296.00000000",
        "time": 1629620216017,
        "isBuyerMaker": false,
        "isBestMatch": true
    },
    {
        "id": 3073777,
        "price": "2.96000000",
        "qty": "100.00000000",
        "quoteQty": "296.00000000",
        "time": 1629620216018,
        "isBuyerMaker": false,
        "isBestMatch": true
    },
    {
        "id": 3073778,
        "price": "2.95670000",
        "qty": "100.00000000",
        "quoteQty": "295.67000000",
        "time": 1629620264337,
        "isBuyerMaker": true,
        "isBestMatch": true
    },
    {
        "id": 3073779,
        "price": "2.95670000",
        "qty": "68.05000000",
        "quoteQty": "201.20343500",
        "time": 1629620264944,
        "isBuyerMaker": false,
        "isBestMatch": true
    },
    {
        "id": 3073780,
        "price": "2.95600000",
        "qty": "5.07000000",
        "quoteQty": "14.98692000",
        "time": 1629620333425,
        "isBuyerMaker": true,
        "isBestMatch": true
    },
    {
        "id": 3073781,
        "price": "2.95510000",
        "qty": "1.78000000",
        "quoteQty": "5.26007800",
        "time": 1629620333425,
        "isBuyerMaker": true,
        "isBestMatch": true
    },
    {
        "id": 3073782,
        "price": "2.95510000",
        "qty": "125.40000000",
        "quoteQty": "370.56954000",
        "time": 1629620344161,
        "isBuyerMaker": true,
        "isBestMatch": true
    },
    {
        "id": 3073783,
        "price": "2.95510000",
        "qty": "56.76000000",
        "quoteQty": "167.73147600",
        "time": 1629620344163,
        "isBuyerMaker": true,
        "isBestMatch": true
    },
    {
        "id": 3073784,
        "price": "2.95470000",
        "qty": "33.85000000",
        "quoteQty": "100.01659500",
        "time": 1629620356763,
        "isBuyerMaker": true,
        "isBestMatch": true
    },
    {
        "id": 3073785,
        "price": "2.95000000",
        "qty": "149.92000000",
        "quoteQty": "442.26400000",
        "time": 1629620364647,
        "isBuyerMaker": true,
        "isBestMatch": true
    },
    {
        "id": 3073786,
        "price": "2.95000000",
        "qty": "28.03000000",
        "quoteQty": "82.68850000",
        "time": 1629620364753,
        "isBuyerMaker": true,
        "isBestMatch": true
    },
    {
        "id": 3073787,
        "price": "2.95000000",
        "qty": "173.78000000",
        "quoteQty": "512.65100000",
        "time": 1629620364775,
        "isBuyerMaker": true,
        "isBestMatch": true
    },
    {
        "id": 3073788,
        "price": "2.95000000",
        "qty": "45.89000000",
        "quoteQty": "135.37550000",
        "time": 1629620364775,
        "isBuyerMaker": true,
        "isBestMatch": true
    },
    {
        "id": 3073789,
        "price": "2.95000000",
        "qty": "50.00000000",
        "quoteQty": "147.50000000",
        "time": 1629620371831,
        "isBuyerMaker": true,
        "isBestMatch": true
    },
    {
        "id": 3073790,
        "price": "2.95000000",
        "qty": "4.11000000",
        "quoteQty": "12.12450000",
        "time": 1629620371839,
        "isBuyerMaker": true,
        "isBestMatch": true
    },
    {
        "id": 3073791,
        "price": "2.95000000",
        "qty": "122.00000000",
        "quoteQty": "359.90000000",
        "time": 1629620371839,
        "isBuyerMaker": true,
        "isBestMatch": true
    },
    {
        "id": 3073792,
        "price": "2.95000000",
        "qty": "50.00000000",
        "quoteQty": "147.50000000",
        "time": 1629620371889,
        "isBuyerMaker": true,
        "isBestMatch": true
    },
    {
        "id": 3073793,
        "price": "2.95000000",
        "qty": "65.28000000",
        "quoteQty": "192.57600000",
        "time": 1629620372645,
        "isBuyerMaker": true,
        "isBestMatch": true
    },
    {
        "id": 3073794,
        "price": "2.95000000",
        "qty": "21.06000000",
        "quoteQty": "62.12700000",
        "time": 1629620372645,
        "isBuyerMaker": true,
        "isBestMatch": true
    },
    {
        "id": 3073795,
        "price": "2.95140000",
        "qty": "42.20000000",
        "quoteQty": "124.54908000",
        "time": 1629620391496,
        "isBuyerMaker": true,
        "isBestMatch": true
    },
    {
        "id": 3073796,
        "price": "2.96180000",
        "qty": "45.94000000",
        "quoteQty": "136.06509200",
        "time": 1629620404770,
        "isBuyerMaker": false,
        "isBestMatch": true
    },
    {
        "id": 3073797,
        "price": "2.96180000",
        "qty": "50.00000000",
        "quoteQty": "148.09000000",
        "time": 1629620404771,
        "isBuyerMaker": false,
        "isBestMatch": true
    },
    {
        "id": 3073798,
        "price": "2.96180000",
        "qty": "170.55000000",
        "quoteQty": "505.13499000",
        "time": 1629620450769,
        "isBuyerMaker": false,
        "isBestMatch": true
    },
    {
        "id": 3073799,
        "price": "2.97000000",
        "qty": "251.82000000",
        "quoteQty": "747.90540000",
        "time": 1629620453366,
        "isBuyerMaker": true,
        "isBestMatch": true
    },
    {
        "id": 3073800,
        "price": "2.96400000",
        "qty": "5.06000000",
        "quoteQty": "14.99784000",
        "time": 1629620471858,
        "isBuyerMaker": true,
        "isBestMatch": true
    },
    {
        "id": 3073801,
        "price": "2.97170000",
        "qty": "92.84000000",
        "quoteQty": "275.89262800",
        "time": 1629620511801,
        "isBuyerMaker": false,
        "isBestMatch": true
    },
    {
        "id": 3073802,
        "price": "2.97280000",
        "qty": "41.18000000",
        "quoteQty": "122.41990400",
        "time": 1629620511976,
        "isBuyerMaker": false,
        "isBestMatch": true
    },
    {
        "id": 3073803,
        "price": "2.96330000",
        "qty": "33.85000000",
        "quoteQty": "100.30770500",
        "time": 1629620517005,
        "isBuyerMaker": true,
        "isBestMatch": true
    },
    {
        "id": 3073804,
        "price": "2.97280000",
        "qty": "37.60000000",
        "quoteQty": "111.77728000",
        "time": 1629620517824,
        "isBuyerMaker": true,
        "isBestMatch": true
    },
    {
        "id": 3073805,
        "price": "2.97330000",
        "qty": "150.94000000",
        "quoteQty": "448.78990200",
        "time": 1629620531438,
        "isBuyerMaker": true,
        "isBestMatch": true
    },
    {
        "id": 3073806,
        "price": "2.97000000",
        "qty": "20.31000000",
        "quoteQty": "60.32070000",
        "time": 1629620620541,
        "isBuyerMaker": false,
        "isBestMatch": true
    },
    {
        "id": 3073807,
        "price": "2.97000000",
        "qty": "9.79000000",
        "quoteQty": "29.07630000",
        "time": 1629620662616,
        "isBuyerMaker": false,
        "isBestMatch": true
    },
    {
        "id": 3073808,
        "price": "2.96700000",
        "qty": "5.05000000",
        "quoteQty": "14.98335000",
        "time": 1629620685513,
        "isBuyerMaker": true,
        "isBestMatch": true
    },
    {
        "id": 3073809,
        "price": "2.96980000",
        "qty": "20.21000000",
        "quoteQty": "60.01965800",
        "time": 1629620705749,
        "isBuyerMaker": false,
        "isBestMatch": true
    },
    {
        "id": 3073810,
        "price": "2.95970000",
        "qty": "4.19000000",
        "quoteQty": "12.40114300",
        "time": 1629620738031,
        "isBuyerMaker": true,
        "isBestMatch": true
    },
    {
        "id": 3073811,
        "price": "2.95610000",
        "qty": "36.74000000",
        "quoteQty": "108.60711400",
        "time": 1629620757600,
        "isBuyerMaker": true,
        "isBestMatch": true
    },
    {
        "id": 3073812,
        "price": "2.95300000",
        "qty": "100.00000000",
        "quoteQty": "295.30000000",
        "time": 1629620758089,
        "isBuyerMaker": true,
        "isBestMatch": true
    },
    {
        "id": 3073813,
        "price": "2.95000000",
        "qty": "120.06000000",
        "quoteQty": "354.17700000",
        "time": 1629620758114,
        "isBuyerMaker": true,
        "isBestMatch": true
    },
    {
        "id": 3073814,
        "price": "2.95000000",
        "qty": "13.27000000",
        "quoteQty": "39.14650000",
        "time": 1629620758114,
        "isBuyerMaker": true,
        "isBestMatch": true
    },
    {
        "id": 3073815,
        "price": "2.95000000",
        "qty": "20.04000000",
        "quoteQty": "59.11800000",
        "time": 1629620758114,
        "isBuyerMaker": true,
        "isBestMatch": true
    },
    {
        "id": 3073816,
        "price": "2.95170000",
        "qty": "16.94000000",
        "quoteQty": "50.00179800",
        "time": 1629620758471,
        "isBuyerMaker": false,
        "isBestMatch": true
    },
    {
        "id": 3073817,
        "price": "2.95170000",
        "qty": "16.94000000",
        "quoteQty": "50.00179800",
        "time": 1629620758476,
        "isBuyerMaker": false,
        "isBestMatch": true
    },
    {
        "id": 3073818,
        "price": "2.95170000",
        "qty": "16.94000000",
        "quoteQty": "50.00179800",
        "time": 1629620758490,
        "isBuyerMaker": false,
        "isBestMatch": true
    },
    {
        "id": 3073819,
        "price": "2.95170000",
        "qty": "16.94000000",
        "quoteQty": "50.00179800",
        "time": 1629620758519,
        "isBuyerMaker": false,
        "isBestMatch": true
    },
    {
        "id": 3073820,
        "price": "2.95170000",
        "qty": "33.88000000",
        "quoteQty": "100.00359600",
        "time": 1629620758523,
        "isBuyerMaker": false,
        "isBestMatch": true
    },
    {
        "id": 3073821,
        "price": "2.95170000",
        "qty": "33.88000000",
        "quoteQty": "100.00359600",
        "time": 1629620758579,
        "isBuyerMaker": false,
        "isBestMatch": true
    },
    {
        "id": 3073822,
        "price": "2.95170000",
        "qty": "16.94000000",
        "quoteQty": "50.00179800",
        "time": 1629620759874,
        "isBuyerMaker": false,
        "isBestMatch": true
    },
    {
        "id": 3073823,
        "price": "2.95170000",
        "qty": "16.94000000",
        "quoteQty": "50.00179800",
        "time": 1629620759888,
        "isBuyerMaker": false,
        "isBestMatch": true
    },
    {
        "id": 3073824,
        "price": "2.95170000",
        "qty": "16.94000000",
        "quoteQty": "50.00179800",
        "time": 1629620759901,
        "isBuyerMaker": false,
        "isBestMatch": true
    },
    {
        "id": 3073825,
        "price": "2.95170000",
        "qty": "16.94000000",
        "quoteQty": "50.00179800",
        "time": 1629620760058,
        "isBuyerMaker": false,
        "isBestMatch": true
    },
    {
        "id": 3073826,
        "price": "2.95660000",
        "qty": "88.24000000",
        "quoteQty": "260.89038400",
        "time": 1629620783700,
        "isBuyerMaker": false,
        "isBestMatch": true
    },
    {
        "id": 3073827,
        "price": "2.95720000",
        "qty": "47.18000000",
        "quoteQty": "139.52069600",
        "time": 1629620783720,
        "isBuyerMaker": false,
        "isBestMatch": true
    },
    {
        "id": 3073828,
        "price": "2.95720000",
        "qty": "49.54000000",
        "quoteQty": "146.49968800",
        "time": 1629620830613,
        "isBuyerMaker": true,
        "isBestMatch": true
    },
    {
        "id": 3073829,
        "price": "2.95710000",
        "qty": "47.11000000",
        "quoteQty": "139.30898100",
        "time": 1629620864958,
        "isBuyerMaker": false,
        "isBestMatch": true
    },
    {
        "id": 3073830,
        "price": "2.95010000",
        "qty": "47.20000000",
        "quoteQty": "139.24472000",
        "time": 1629620939562,
        "isBuyerMaker": false,
        "isBestMatch": true
    },
    {
        "id": 3073831,
        "price": "2.95190000",
        "qty": "47.22000000",
        "quoteQty": "139.38871800",
        "time": 1629620939609,
        "isBuyerMaker": false,
        "isBestMatch": true
    },
    {
        "id": 3073832,
        "price": "2.94450000",
        "qty": "16.99000000",
        "quoteQty": "50.02705500",
        "time": 1629621014414,
        "isBuyerMaker": true,
        "isBestMatch": true
    },
    {
        "id": 3073833,
        "price": "2.95190000",
        "qty": "18.08000000",
        "quoteQty": "53.37035200",
        "time": 1629621159841,
        "isBuyerMaker": false,
        "isBestMatch": true
    },
    {
        "id": 3073834,
        "price": "2.95870000",
        "qty": "33.88000000",
        "quoteQty": "100.24075600",
        "time": 1629621162381,
        "isBuyerMaker": false,
        "isBestMatch": true
    },
    {
        "id": 3073835,
        "price": "2.94690000",
        "qty": "100.00000000",
        "quoteQty": "294.69000000",
        "time": 1629621207192,
        "isBuyerMaker": true,
        "isBestMatch": true
    },
    {
        "id": 3073836,
        "price": "2.94480000",
        "qty": "83.25000000",
        "quoteQty": "245.15460000",
        "time": 1629621240561,
        "isBuyerMaker": true,
        "isBestMatch": true
    },
    {
        "id": 3073837,
        "price": "2.94450000",
        "qty": "37.31000000",
        "quoteQty": "109.85929500",
        "time": 1629621240561,
        "isBuyerMaker": true,
        "isBestMatch": true
    },
    {
        "id": 3073838,
        "price": "2.94450000",
        "qty": "18.66000000",
        "quoteQty": "54.94437000",
        "time": 1629621245240,
        "isBuyerMaker": false,
        "isBestMatch": true
    },
    {
        "id": 3073839,
        "price": "2.94800000",
        "qty": "27.02000000",
        "quoteQty": "79.65496000",
        "time": 1629621333351,
        "isBuyerMaker": true,
        "isBestMatch": true
    },
    {
        "id": 3073840,
        "price": "2.94720000",
        "qty": "7.92000000",
        "quoteQty": "23.34182400",
        "time": 1629621333351,
        "isBuyerMaker": true,
        "isBestMatch": true
    },
    {
        "id": 3073841,
        "price": "2.94720000",
        "qty": "77.65000000",
        "quoteQty": "228.85008000",
        "time": 1629621348186,
        "isBuyerMaker": true,
        "isBestMatch": true
    },
    {
        "id": 3073842,
        "price": "2.95190000",
        "qty": "37.13000000",
        "quoteQty": "109.60404700",
        "time": 1629621387376,
        "isBuyerMaker": true,
        "isBestMatch": true
    },
    {
        "id": 3073843,
        "price": "2.95520000",
        "qty": "17.81000000",
        "quoteQty": "52.63211200",
        "time": 1629621469408,
        "isBuyerMaker": false,
        "isBestMatch": true
    },
    {
        "id": 3073844,
        "price": "2.95190000",
        "qty": "151.77000000",
        "quoteQty": "448.00986300",
        "time": 1629621499348,
        "isBuyerMaker": true,
        "isBestMatch": true
    },
    {
        "id": 3073845,
        "price": "2.95000000",
        "qty": "134.15000000",
        "quoteQty": "395.74250000",
        "time": 1629621499348,
        "isBuyerMaker": true,
        "isBestMatch": true
    },
    {
        "id": 3073846,
        "price": "2.94940000",
        "qty": "95.40000000",
        "quoteQty": "281.37276000",
        "time": 1629621499348,
        "isBuyerMaker": true,
        "isBestMatch": true
    },
    {
        "id": 3073847,
        "price": "2.94850000",
        "qty": "89.15000000",
        "quoteQty": "262.85877500",
        "time": 1629621499348,
        "isBuyerMaker": true,
        "isBestMatch": true
    },
    {
        "id": 3073848,
        "price": "2.94720000",
        "qty": "41.18000000",
        "quoteQty": "121.36569600",
        "time": 1629621499348,
        "isBuyerMaker": true,
        "isBestMatch": true
    },
    {
        "id": 3073849,
        "price": "2.94720000",
        "qty": "585.46000000",
        "quoteQty": "1725.46771200",
        "time": 1629621499355,
        "isBuyerMaker": false,
        "isBestMatch": true
    },
    {
        "id": 3073850,
        "price": "2.95670000",
        "qty": "74.48000000",
        "quoteQty": "220.21501600",
        "time": 1629621611982,
        "isBuyerMaker": false,
        "isBestMatch": true
    },
    {
        "id": 3073851,
        "price": "2.94790000",
        "qty": "83.91000000",
        "quoteQty": "247.35828900",
        "time": 1629621621696,
        "isBuyerMaker": true,
        "isBestMatch": true
    },
    {
        "id": 3073852,
        "price": "2.94710000",
        "qty": "17.30000000",
        "quoteQty": "50.98483000",
        "time": 1629621621696,
        "isBuyerMaker": true,
        "isBestMatch": true
    },
    {
        "id": 3073853,
        "price": "2.94710000",
        "qty": "30.85000000",
        "quoteQty": "90.91803500",
        "time": 1629621621696,
        "isBuyerMaker": true,
        "isBestMatch": true
    },
    {
        "id": 3073854,
        "price": "2.94620000",
        "qty": "87.11000000",
        "quoteQty": "256.64348200",
        "time": 1629621621696,
        "isBuyerMaker": true,
        "isBestMatch": true
    },
    {
        "id": 3073855,
        "price": "2.94590000",
        "qty": "100.00000000",
        "quoteQty": "294.59000000",
        "time": 1629621621696,
        "isBuyerMaker": true,
        "isBestMatch": true
    },
    {
        "id": 3073856,
        "price": "2.94530000",
        "qty": "47.12000000",
        "quoteQty": "138.78253600",
        "time": 1629621621696,
        "isBuyerMaker": true,
        "isBestMatch": true
    },
    {
        "id": 3073857,
        "price": "2.94490000",
        "qty": "96.55000000",
        "quoteQty": "284.33009500",
        "time": 1629621621696,
        "isBuyerMaker": true,
        "isBestMatch": true
    },
    {
        "id": 3073858,
        "price": "2.94390000",
        "qty": "94.07000000",
        "quoteQty": "276.93267300",
        "time": 1629621621696,
        "isBuyerMaker": true,
        "isBestMatch": true
    },
    {
        "id": 3073859,
        "price": "2.94150000",
        "qty": "188.48000000",
        "quoteQty": "554.41392000",
        "time": 1629621621696,
        "isBuyerMaker": true,
        "isBestMatch": true
    },
    {
        "id": 3073860,
        "price": "2.94110000",
        "qty": "3.41000000",
        "quoteQty": "10.02915100",
        "time": 1629621621696,
        "isBuyerMaker": true,
        "isBestMatch": true
    },
    {
        "id": 3073861,
        "price": "2.94020000",
        "qty": "118.99000000",
        "quoteQty": "349.85439800",
        "time": 1629621621696,
        "isBuyerMaker": true,
        "isBestMatch": true
    },
    {
        "id": 3073862,
        "price": "2.94010000",
        "qty": "238.08000000",
        "quoteQty": "699.97900800",
        "time": 1629621621696,
        "isBuyerMaker": true,
        "isBestMatch": true
    },
    {
        "id": 3073863,
        "price": "2.94000000",
        "qty": "444.83000000",
        "quoteQty": "1307.80020000",
        "time": 1629621621696,
        "isBuyerMaker": true,
        "isBestMatch": true
    },
    {
        "id": 3073864,
        "price": "2.94000000",
        "qty": "3.74000000",
        "quoteQty": "10.99560000",
        "time": 1629621621696,
        "isBuyerMaker": true,
        "isBestMatch": true
    },
    {
        "id": 3073865,
        "price": "2.93970000",
        "qty": "664.26000000",
        "quoteQty": "1952.72512200",
        "time": 1629621621696,
        "isBuyerMaker": true,
        "isBestMatch": true
    },
    {
        "id": 3073866,
        "price": "2.95320000",
        "qty": "4.06000000",
        "quoteQty": "11.98999200",
        "time": 1629621624045,
        "isBuyerMaker": false,
        "isBestMatch": true
    },
    {
        "id": 3073867,
        "price": "2.94400000",
        "qty": "5.08000000",
        "quoteQty": "14.95552000",
        "time": 1629621625724,
        "isBuyerMaker": true,
        "isBestMatch": true
    },
    {
        "id": 3073868,
        "price": "2.94300000",
        "qty": "50.43000000",
        "quoteQty": "148.41549000",
        "time": 1629621625724,
        "isBuyerMaker": true,
        "isBestMatch": true
    },
    {
        "id": 3073869,
        "price": "2.94100000",
        "qty": "1608.51000000",
        "quoteQty": "4730.62791000",
        "time": 1629621625724,
        "isBuyerMaker": true,
        "isBestMatch": true
    },
    {
        "id": 3073870,
        "price": "2.95300000",
        "qty": "8.69000000",
        "quoteQty": "25.66157000",
        "time": 1629621642556,
        "isBuyerMaker": false,
        "isBestMatch": true
    },
    {
        "id": 3073871,
        "price": "2.95300000",
        "qty": "8.64000000",
        "quoteQty": "25.51392000",
        "time": 1629621642606,
        "isBuyerMaker": false,
        "isBestMatch": true
    },
    {
        "id": 3073872,
        "price": "2.95300000",
        "qty": "8.64000000",
        "quoteQty": "25.51392000",
        "time": 1629621642613,
        "isBuyerMaker": false,
        "isBestMatch": true
    },
    {
        "id": 3073873,
        "price": "2.95300000",
        "qty": "8.59000000",
        "quoteQty": "25.36627000",
        "time": 1629621642624,
        "isBuyerMaker": false,
        "isBestMatch": true
    },
    {
        "id": 3073874,
        "price": "2.95300000",
        "qty": "10.00000000",
        "quoteQty": "29.53000000",
        "time": 1629621657343,
        "isBuyerMaker": true,
        "isBestMatch": true
    },
    {
        "id": 3073875,
        "price": "2.95170000",
        "qty": "67.76000000",
        "quoteQty": "200.00719200",
        "time": 1629621671604,
        "isBuyerMaker": true,
        "isBestMatch": true
    },
    {
        "id": 3073876,
        "price": "2.94900000",
        "qty": "5.08000000",
        "quoteQty": "14.98092000",
        "time": 1629621698322,
        "isBuyerMaker": true,
        "isBestMatch": true
    },
    {
        "id": 3073877,
        "price": "2.95000000",
        "qty": "101.59000000",
        "quoteQty": "299.69050000",
        "time": 1629621739375,
        "isBuyerMaker": true,
        "isBestMatch": true
    },
    {
        "id": 3073878,
        "price": "2.94700000",
        "qty": "5.08000000",
        "quoteQty": "14.97076000",
        "time": 1629621775692,
        "isBuyerMaker": true,
        "isBestMatch": true
    },
    {
        "id": 3073879,
        "price": "2.94600000",
        "qty": "5.09000000",
        "quoteQty": "14.99514000",
        "time": 1629621785012,
        "isBuyerMaker": true,
        "isBestMatch": true
    },
    {
        "id": 3073880,
        "price": "2.94550000",
        "qty": "21.60000000",
        "quoteQty": "63.62280000",
        "time": 1629621800387,
        "isBuyerMaker": true,
        "isBestMatch": true
    },
    {
        "id": 3073881,
        "price": "2.95380000",
        "qty": "100.00000000",
        "quoteQty": "295.38000000",
        "time": 1629621861068,
        "isBuyerMaker": false,
        "isBestMatch": true
    },
    {
        "id": 3073882,
        "price": "2.95530000",
        "qty": "100.00000000",
        "quoteQty": "295.53000000",
        "time": 1629621861424,
        "isBuyerMaker": false,
        "isBestMatch": true
    },
    {
        "id": 3073883,
        "price": "2.95700000",
        "qty": "100.00000000",
        "quoteQty": "295.70000000",
        "time": 1629621870277,
        "isBuyerMaker": false,
        "isBestMatch": true
    },
    {
        "id": 3073884,
        "price": "2.95810000",
        "qty": "100.00000000",
        "quoteQty": "295.81000000",
        "time": 1629621870277,
        "isBuyerMaker": false,
        "isBestMatch": true
    },
    {
        "id": 3073885,
        "price": "2.95870000",
        "qty": "40.93000000",
        "quoteQty": "121.09959100",
        "time": 1629621870277,
        "isBuyerMaker": false,
        "isBestMatch": true
    },
    {
        "id": 3073886,
        "price": "2.95880000",
        "qty": "80.79000000",
        "quoteQty": "239.04145200",
        "time": 1629621870277,
        "isBuyerMaker": false,
        "isBestMatch": true
    },
    {
        "id": 3073887,
        "price": "2.95960000",
        "qty": "96.13000000",
        "quoteQty": "284.50634800",
        "time": 1629621870277,
        "isBuyerMaker": false,
        "isBestMatch": true
    },
    {
        "id": 3073888,
        "price": "2.96050000",
        "qty": "81.99000000",
        "quoteQty": "242.73139500",
        "time": 1629621870277,
        "isBuyerMaker": false,
        "isBestMatch": true
    },
    {
        "id": 3073889,
        "price": "2.96140000",
        "qty": "89.53000000",
        "quoteQty": "265.13414200",
        "time": 1629621870277,
        "isBuyerMaker": false,
        "isBestMatch": true
    },
    {
        "id": 3073890,
        "price": "2.96220000",
        "qty": "47.18000000",
        "quoteQty": "139.75659600",
        "time": 1629621870277,
        "isBuyerMaker": false,
        "isBestMatch": true
    },
    {
        "id": 3073891,
        "price": "2.96540000",
        "qty": "320.24000000",
        "quoteQty": "949.63969600",
        "time": 1629621870277,
        "isBuyerMaker": false,
        "isBestMatch": true
    },
    {
        "id": 3073892,
        "price": "2.96130000",
        "qty": "237.12000000",
        "quoteQty": "702.18345600",
        "time": 1629621887409,
        "isBuyerMaker": false,
        "isBestMatch": true
    },
    {
        "id": 3073893,
        "price": "2.96130000",
        "qty": "79.16000000",
        "quoteQty": "234.41650800",
        "time": 1629621890497,
        "isBuyerMaker": false,
        "isBestMatch": true
    },
    {
        "id": 3073894,
        "price": "2.95600000",
        "qty": "5.07000000",
        "quoteQty": "14.98692000",
        "time": 1629621916314,
        "isBuyerMaker": true,
        "isBestMatch": true
    },
    {
        "id": 3073895,
        "price": "2.96110000",
        "qty": "67.54000000",
        "quoteQty": "199.99269400",
        "time": 1629622010517,
        "isBuyerMaker": true,
        "isBestMatch": true
    },
    {
        "id": 3073896,
        "price": "2.96110000",
        "qty": "67.54000000",
        "quoteQty": "199.99269400",
        "time": 1629622010517,
        "isBuyerMaker": true,
        "isBestMatch": true
    },
    {
        "id": 3073897,
        "price": "2.96110000",
        "qty": "64.92000000",
        "quoteQty": "192.23461200",
        "time": 1629622010517,
        "isBuyerMaker": true,
        "isBestMatch": true
    },
    {
        "id": 3073898,
        "price": "2.96110000",
        "qty": "2.62000000",
        "quoteQty": "7.75808200",
        "time": 1629622010518,
        "isBuyerMaker": true,
        "isBestMatch": true
    },
    {
        "id": 3073899,
        "price": "2.96110000",
        "qty": "67.54000000",
        "quoteQty": "199.99269400",
        "time": 1629622010518,
        "isBuyerMaker": true,
        "isBestMatch": true
    },
    {
        "id": 3073900,
        "price": "2.96110000",
        "qty": "67.54000000",
        "quoteQty": "199.99269400",
        "time": 1629622010713,
        "isBuyerMaker": true,
        "isBestMatch": true
    },
    {
        "id": 3073901,
        "price": "2.96110000",
        "qty": "67.54000000",
        "quoteQty": "199.99269400",
        "time": 1629622010713,
        "isBuyerMaker": true,
        "isBestMatch": true
    },
    {
        "id": 3073902,
        "price": "2.96110000",
        "qty": "14.92000000",
        "quoteQty": "44.17961200",
        "time": 1629622010713,
        "isBuyerMaker": true,
        "isBestMatch": true
    },
    {
        "id": 3073903,
        "price": "2.96110000",
        "qty": "52.62000000",
        "quoteQty": "155.81308200",
        "time": 1629622010724,
        "isBuyerMaker": true,
        "isBestMatch": true
    },
    {
        "id": 3073904,
        "price": "2.95800000",
        "qty": "5.07000000",
        "quoteQty": "14.99706000",
        "time": 1629622022707,
        "isBuyerMaker": true,
        "isBestMatch": true
    },
    {
        "id": 3073905,
        "price": "2.96090000",
        "qty": "341.31000000",
        "quoteQty": "1010.58477900",
        "time": 1629622036968,
        "isBuyerMaker": false,
        "isBestMatch": true
    },
    {
        "id": 3073906,
        "price": "2.94990000",
        "qty": "437.63000000",
        "quoteQty": "1290.96473700",
        "time": 1629622172152,
        "isBuyerMaker": true,
        "isBestMatch": true
    },
    {
        "id": 3073907,
        "price": "2.94980000",
        "qty": "50.43000000",
        "quoteQty": "148.75841400",
        "time": 1629622172152,
        "isBuyerMaker": true,
        "isBestMatch": true
    },
    {
        "id": 3073908,
        "price": "2.94890000",
        "qty": "90.75000000",
        "quoteQty": "267.61267500",
        "time": 1629622172152,
        "isBuyerMaker": true,
        "isBestMatch": true
    },
    {
        "id": 3073909,
        "price": "2.94820000",
        "qty": "41.05000000",
        "quoteQty": "121.02361000",
        "time": 1629622172152,
        "isBuyerMaker": true,
        "isBestMatch": true
    },
    {
        "id": 3073910,
        "price": "2.94810000",
        "qty": "85.11000000",
        "quoteQty": "250.91279100",
        "time": 1629622172152,
        "isBuyerMaker": true,
        "isBestMatch": true
    },
    {
        "id": 3073911,
        "price": "2.94790000",
        "qty": "46.57000000",
        "quoteQty": "137.28370300",
        "time": 1629622172152,
        "isBuyerMaker": true,
        "isBestMatch": true
    },
    {
        "id": 3073912,
        "price": "2.94530000",
        "qty": "345.58000000",
        "quoteQty": "1017.83677400",
        "time": 1629622172152,
        "isBuyerMaker": true,
        "isBestMatch": true
    },
    {
        "id": 3073913,
        "price": "2.95710000",
        "qty": "94.16000000",
        "quoteQty": "278.44053600",
        "time": 1629622182022,
        "isBuyerMaker": false,
        "isBestMatch": true
    },
    {
        "id": 3073914,
        "price": "2.95730000",
        "qty": "100.00000000",
        "quoteQty": "295.73000000",
        "time": 1629622182022,
        "isBuyerMaker": false,
        "isBestMatch": true
    },
    {
        "id": 3073915,
        "price": "2.95740000",
        "qty": "100.00000000",
        "quoteQty": "295.74000000",
        "time": 1629622182022,
        "isBuyerMaker": false,
        "isBestMatch": true
    },
    {
        "id": 3073916,
        "price": "2.95750000",
        "qty": "48.17000000",
        "quoteQty": "142.46277500",
        "time": 1629622182022,
        "isBuyerMaker": false,
        "isBestMatch": true
    },
    {
        "id": 3073917,
        "price": "2.95750000",
        "qty": "93.04000000",
        "quoteQty": "275.16580000",
        "time": 1629622255840,
        "isBuyerMaker": false,
        "isBestMatch": true
    },
    {
        "id": 3073918,
        "price": "2.96060000",
        "qty": "41.05000000",
        "quoteQty": "121.53263000",
        "time": 1629622258856,
        "isBuyerMaker": false,
        "isBestMatch": true
    },
    {
        "id": 3073919,
        "price": "2.96210000",
        "qty": "100.00000000",
        "quoteQty": "296.21000000",
        "time": 1629622259015,
        "isBuyerMaker": false,
        "isBestMatch": true
    },
    {
        "id": 3073920,
        "price": "2.96100000",
        "qty": "5.06000000",
        "quoteQty": "14.98266000",
        "time": 1629622341688,
        "isBuyerMaker": true,
        "isBestMatch": true
    },
    {
        "id": 3073921,
        "price": "2.95700000",
        "qty": "5.07000000",
        "quoteQty": "14.99199000",
        "time": 1629622368291,
        "isBuyerMaker": true,
        "isBestMatch": true
    },
    {
        "id": 3073922,
        "price": "2.95100000",
        "qty": "5.08000000",
        "quoteQty": "14.99108000",
        "time": 1629622412982,
        "isBuyerMaker": true,
        "isBestMatch": true
    },
    {
        "id": 3073923,
        "price": "2.95450000",
        "qty": "88.16000000",
        "quoteQty": "260.46872000",
        "time": 1629622429661,
        "isBuyerMaker": false,
        "isBestMatch": true
    },
    {
        "id": 3073924,
        "price": "2.95570000",
        "qty": "41.18000000",
        "quoteQty": "121.71572600",
        "time": 1629622429679,
        "isBuyerMaker": false,
        "isBestMatch": true
    },
    {
        "id": 3073925,
        "price": "2.95700000",
        "qty": "151.62000000",
        "quoteQty": "448.34034000",
        "time": 1629622429801,
        "isBuyerMaker": false,
        "isBestMatch": true
    },
    {
        "id": 3073926,
        "price": "2.95760000",
        "qty": "47.18000000",
        "quoteQty": "139.53956800",
        "time": 1629622429813,
        "isBuyerMaker": false,
        "isBestMatch": true
    },
    {
        "id": 3073927,
        "price": "2.96250000",
        "qty": "141.76000000",
        "quoteQty": "419.96400000",
        "time": 1629622430891,
        "isBuyerMaker": false,
        "isBestMatch": true
    },
    {
        "id": 3073928,
        "price": "2.96250000",
        "qty": "6.76000000",
        "quoteQty": "20.02650000",
        "time": 1629622433193,
        "isBuyerMaker": false,
        "isBestMatch": true
    },
    {
        "id": 3073929,
        "price": "2.96250000",
        "qty": "6.76000000",
        "quoteQty": "20.02650000",
        "time": 1629622433199,
        "isBuyerMaker": false,
        "isBestMatch": true
    },
    {
        "id": 3073930,
        "price": "2.96250000",
        "qty": "5.07000000",
        "quoteQty": "15.01987500",
        "time": 1629622433206,
        "isBuyerMaker": false,
        "isBestMatch": true
    },
    {
        "id": 3073931,
        "price": "2.96250000",
        "qty": "16.88000000",
        "quoteQty": "50.00700000",
        "time": 1629622433213,
        "isBuyerMaker": false,
        "isBestMatch": true
    },
    {
        "id": 3073932,
        "price": "2.96250000",
        "qty": "10.13000000",
        "quoteQty": "30.01012500",
        "time": 1629622433215,
        "isBuyerMaker": false,
        "isBestMatch": true
    },
    {
        "id": 3073933,
        "price": "2.96250000",
        "qty": "50.64000000",
        "quoteQty": "150.02100000",
        "time": 1629622433218,
        "isBuyerMaker": false,
        "isBestMatch": true
    },
    {
        "id": 3073934,
        "price": "2.96250000",
        "qty": "6.76000000",
        "quoteQty": "20.02650000",
        "time": 1629622433221,
        "isBuyerMaker": false,
        "isBestMatch": true
    },
    {
        "id": 3073935,
        "price": "2.96250000",
        "qty": "6.76000000",
        "quoteQty": "20.02650000",
        "time": 1629622433240,
        "isBuyerMaker": false,
        "isBestMatch": true
    },
    {
        "id": 3073936,
        "price": "2.96250000",
        "qty": "5.07000000",
        "quoteQty": "15.01987500",
        "time": 1629622433250,
        "isBuyerMaker": false,
        "isBestMatch": true
    },
    {
        "id": 3073937,
        "price": "2.96250000",
        "qty": "10.13000000",
        "quoteQty": "30.01012500",
        "time": 1629622433255,
        "isBuyerMaker": false,
        "isBestMatch": true
    },
    {
        "id": 3073938,
        "price": "2.96250000",
        "qty": "5.07000000",
        "quoteQty": "15.01987500",
        "time": 1629622433259,
        "isBuyerMaker": false,
        "isBestMatch": true
    },
    {
        "id": 3073939,
        "price": "2.96250000",
        "qty": "6.76000000",
        "quoteQty": "20.02650000",
        "time": 1629622433274,
        "isBuyerMaker": false,
        "isBestMatch": true
    },
    {
        "id": 3073940,
        "price": "2.96250000",
        "qty": "8.52000000",
        "quoteQty": "25.24050000",
        "time": 1629622433275,
        "isBuyerMaker": false,
        "isBestMatch": true
    },
    {
        "id": 3073941,
        "price": "2.96390000",
        "qty": "84.95000000",
        "quoteQty": "251.78330500",
        "time": 1629622461539,
        "isBuyerMaker": true,
        "isBestMatch": true
    },
    {
        "id": 3073942,
        "price": "2.96250000",
        "qty": "25.24000000",
        "quoteQty": "74.77350000",
        "time": 1629622467918,
        "isBuyerMaker": true,
        "isBestMatch": true
    },
    {
        "id": 3073943,
        "price": "2.96250000",
        "qty": "23.63000000",
        "quoteQty": "70.00387500",
        "time": 1629622467918,
        "isBuyerMaker": true,
        "isBestMatch": true
    },
    {
        "id": 3073944,
        "price": "2.96250000",
        "qty": "20.26000000",
        "quoteQty": "60.02025000",
        "time": 1629622467918,
        "isBuyerMaker": true,
        "isBestMatch": true
    },
    {
        "id": 3073945,
        "price": "2.96250000",
        "qty": "50.64000000",
        "quoteQty": "150.02100000",
        "time": 1629622467918,
        "isBuyerMaker": true,
        "isBestMatch": true
    },
    {
        "id": 3073946,
        "price": "2.96250000",
        "qty": "27.01000000",
        "quoteQty": "80.01712500",
        "time": 1629622467918,
        "isBuyerMaker": true,
        "isBestMatch": true
    },
    {
        "id": 3073947,
        "price": "2.96250000",
        "qty": "5.07000000",
        "quoteQty": "15.01987500",
        "time": 1629622467918,
        "isBuyerMaker": true,
        "isBestMatch": true
    },
    {
        "id": 3073948,
        "price": "2.96250000",
        "qty": "33.76000000",
        "quoteQty": "100.01400000",
        "time": 1629622467918,
        "isBuyerMaker": true,
        "isBestMatch": true
    },
    {
        "id": 3073949,
        "price": "2.96250000",
        "qty": "15.19000000",
        "quoteQty": "45.00037500",
        "time": 1629622467918,
        "isBuyerMaker": true,
        "isBestMatch": true
    },
    {
        "id": 3073950,
        "price": "2.96250000",
        "qty": "8.44000000",
        "quoteQty": "25.00350000",
        "time": 1629622467918,
        "isBuyerMaker": true,
        "isBestMatch": true
    },
    {
        "id": 3073951,
        "price": "2.96250000",
        "qty": "10.13000000",
        "quoteQty": "30.01012500",
        "time": 1629622467918,
        "isBuyerMaker": true,
        "isBestMatch": true
    },
    {
        "id": 3073952,
        "price": "2.96250000",
        "qty": "10.13000000",
        "quoteQty": "30.01012500",
        "time": 1629622467918,
        "isBuyerMaker": true,
        "isBestMatch": true
    },
    {
        "id": 3073953,
        "price": "2.96250000",
        "qty": "20.26000000",
        "quoteQty": "60.02025000",
        "time": 1629622467918,
        "isBuyerMaker": true,
        "isBestMatch": true
    },
    {
        "id": 3073954,
        "price": "2.96250000",
        "qty": "7.09000000",
        "quoteQty": "21.00412500",
        "time": 1629622467918,
        "isBuyerMaker": true,
        "isBestMatch": true
    },
    {
        "id": 3073955,
        "price": "2.96250000",
        "qty": "5.07000000",
        "quoteQty": "15.01987500",
        "time": 1629622467918,
        "isBuyerMaker": true,
        "isBestMatch": true
    },
    {
        "id": 3073956,
        "price": "2.95600000",
        "qty": "5.07000000",
        "quoteQty": "14.98692000",
        "time": 1629622499844,
        "isBuyerMaker": true,
        "isBestMatch": true
    },
    {
        "id": 3073957,
        "price": "2.95600000",
        "qty": "27.88000000",
        "quoteQty": "82.41328000",
        "time": 1629622507621,
        "isBuyerMaker": true,
        "isBestMatch": true
    },
    {
        "id": 3073958,
        "price": "2.95000000",
        "qty": "4.99000000",
        "quoteQty": "14.72050000",
        "time": 1629622535444,
        "isBuyerMaker": true,
        "isBestMatch": true
    },
    {
        "id": 3073959,
        "price": "2.95400000",
        "qty": "47.15000000",
        "quoteQty": "139.28110000",
        "time": 1629622549893,
        "isBuyerMaker": false,
        "isBestMatch": true
    },
    {
        "id": 3073960,
        "price": "2.95600000",
        "qty": "164.72000000",
        "quoteQty": "486.91232000",
        "time": 1629622549906,
        "isBuyerMaker": true,
        "isBestMatch": true
    },
    {
        "id": 3073961,
        "price": "2.94620000",
        "qty": "288.37000000",
        "quoteQty": "849.59569400",
        "time": 1629622567128,
        "isBuyerMaker": true,
        "isBestMatch": true
    },
    {
        "id": 3073962,
        "price": "2.94700000",
        "qty": "6.10000000",
        "quoteQty": "17.97670000",
        "time": 1629622618171,
        "isBuyerMaker": false,
        "isBestMatch": true
    },
    {
        "id": 3073963,
        "price": "2.94720000",
        "qty": "13.39000000",
        "quoteQty": "39.46300800",
        "time": 1629622618206,
        "isBuyerMaker": false,
        "isBestMatch": true
    },
    {
        "id": 3073964,
        "price": "2.94720000",
        "qty": "4.81000000",
        "quoteQty": "14.17603200",
        "time": 1629622618420,
        "isBuyerMaker": false,
        "isBestMatch": true
    },
    {
        "id": 3073965,
        "price": "2.94720000",
        "qty": "6.61000000",
        "quoteQty": "19.48099200",
        "time": 1629622618431,
        "isBuyerMaker": false,
        "isBestMatch": true
    },
    {
        "id": 3073966,
        "price": "2.94720000",
        "qty": "12.09000000",
        "quoteQty": "35.63164800",
        "time": 1629622618464,
        "isBuyerMaker": false,
        "isBestMatch": true
    },
    {
        "id": 3073967,
        "price": "2.94040000",
        "qty": "40.92000000",
        "quoteQty": "120.32116800",
        "time": 1629622662802,
        "isBuyerMaker": true,
        "isBestMatch": true
    },
    {
        "id": 3073968,
        "price": "2.94040000",
        "qty": "100.00000000",
        "quoteQty": "294.04000000",
        "time": 1629622662802,
        "isBuyerMaker": true,
        "isBestMatch": true
    },
    {
        "id": 3073969,
        "price": "2.94040000",
        "qty": "59.05000000",
        "quoteQty": "173.63062000",
        "time": 1629622662813,
        "isBuyerMaker": false,
        "isBestMatch": true
    },
    {
        "id": 3073970,
        "price": "2.93950000",
        "qty": "274.58000000",
        "quoteQty": "807.12791000",
        "time": 1629622718445,
        "isBuyerMaker": false,
        "isBestMatch": true
    },
    {
        "id": 3073971,
        "price": "2.93950000",
        "qty": "50.00000000",
        "quoteQty": "146.97500000",
        "time": 1629622718445,
        "isBuyerMaker": false,
        "isBestMatch": true
    },
    {
        "id": 3073972,
        "price": "2.93640000",
        "qty": "25.99000000",
        "quoteQty": "76.31703600",
        "time": 1629622722440,
        "isBuyerMaker": true,
        "isBestMatch": true
    },
    {
        "id": 3073973,
        "price": "2.95580000",
        "qty": "33.84000000",
        "quoteQty": "100.02427200",
        "time": 1629622822700,
        "isBuyerMaker": true,
        "isBestMatch": true
    },
    {
        "id": 3073974,
        "price": "2.94700000",
        "qty": "5.08000000",
        "quoteQty": "14.97076000",
        "time": 1629622835506,
        "isBuyerMaker": true,
        "isBestMatch": true
    },
    {
        "id": 3073975,
        "price": "2.94520000",
        "qty": "41.18000000",
        "quoteQty": "121.28333600",
        "time": 1629622835698,
        "isBuyerMaker": true,
        "isBestMatch": true
    },
    {
        "id": 3073976,
        "price": "2.93930000",
        "qty": "43.66000000",
        "quoteQty": "128.32983800",
        "time": 1629622843017,
        "isBuyerMaker": true,
        "isBestMatch": true
    },
    {
        "id": 3073977,
        "price": "2.94100000",
        "qty": "5.10000000",
        "quoteQty": "14.99910000",
        "time": 1629622911841,
        "isBuyerMaker": true,
        "isBestMatch": true
    },
    {
        "id": 3073978,
        "price": "2.93930000",
        "qty": "42.06000000",
        "quoteQty": "123.62695800",
        "time": 1629622928558,
        "isBuyerMaker": true,
        "isBestMatch": true
    },
    {
        "id": 3073979,
        "price": "2.93930000",
        "qty": "902.49000000",
        "quoteQty": "2652.68885700",
        "time": 1629622928567,
        "isBuyerMaker": false,
        "isBestMatch": true
    },
    {
        "id": 3073980,
        "price": "2.93930000",
        "qty": "906.59000000",
        "quoteQty": "2664.73998700",
        "time": 1629622928568,
        "isBuyerMaker": false,
        "isBestMatch": true
    },
    {
        "id": 3073981,
        "price": "2.93580000",
        "qty": "3.41000000",
        "quoteQty": "10.01107800",
        "time": 1629623008039,
        "isBuyerMaker": true,
        "isBestMatch": true
    },
    {
        "id": 3073982,
        "price": "2.93500000",
        "qty": "4.09000000",
        "quoteQty": "12.00415000",
        "time": 1629623008039,
        "isBuyerMaker": true,
        "isBestMatch": true
    },
    {
        "id": 3073983,
        "price": "2.93500000",
        "qty": "3.41000000",
        "quoteQty": "10.00835000",
        "time": 1629623008039,
        "isBuyerMaker": true,
        "isBestMatch": true
    },
    {
        "id": 3073984,
        "price": "2.93500000",
        "qty": "3.41000000",
        "quoteQty": "10.00835000",
        "time": 1629623008039,
        "isBuyerMaker": true,
        "isBestMatch": true
    },
    {
        "id": 3073985,
        "price": "2.93500000",
        "qty": "4.09000000",
        "quoteQty": "12.00415000",
        "time": 1629623008039,
        "isBuyerMaker": true,
        "isBestMatch": true
    },
    {
        "id": 3073986,
        "price": "2.93280000",
        "qty": "34.10000000",
        "quoteQty": "100.00848000",
        "time": 1629623008039,
        "isBuyerMaker": true,
        "isBestMatch": true
    },
    {
        "id": 3073987,
        "price": "2.93280000",
        "qty": "6.82000000",
        "quoteQty": "20.00169600",
        "time": 1629623008039,
        "isBuyerMaker": true,
        "isBestMatch": true
    },
    {
        "id": 3073988,
        "price": "2.93280000",
        "qty": "3.41000000",
        "quoteQty": "10.00084800",
        "time": 1629623008039,
        "isBuyerMaker": true,
        "isBestMatch": true
    },
    {
        "id": 3073989,
        "price": "2.93280000",
        "qty": "22.85000000",
        "quoteQty": "67.01448000",
        "time": 1629623008039,
        "isBuyerMaker": true,
        "isBestMatch": true
    },
    {
        "id": 3073990,
        "price": "2.93280000",
        "qty": "10.23000000",
        "quoteQty": "30.00254400",
        "time": 1629623008039,
        "isBuyerMaker": true,
        "isBestMatch": true
    },
    {
        "id": 3073991,
        "price": "2.93280000",
        "qty": "3.40000000",
        "quoteQty": "9.97152000",
        "time": 1629623008039,
        "isBuyerMaker": true,
        "isBestMatch": true
    },
    {
        "id": 3073992,
        "price": "2.93280000",
        "qty": "10.24000000",
        "quoteQty": "30.03187200",
        "time": 1629623008064,
        "isBuyerMaker": true,
        "isBestMatch": true
    },
    {
        "id": 3073993,
        "price": "2.93280000",
        "qty": "13.64000000",
        "quoteQty": "40.00339200",
        "time": 1629623008064,
        "isBuyerMaker": true,
        "isBestMatch": true
    },
    {
        "id": 3073994,
        "price": "2.93280000",
        "qty": "6.82000000",
        "quoteQty": "20.00169600",
        "time": 1629623008064,
        "isBuyerMaker": true,
        "isBestMatch": true
    },
    {
        "id": 3073995,
        "price": "2.93210000",
        "qty": "12.28000000",
        "quoteQty": "36.00618800",
        "time": 1629623008071,
        "isBuyerMaker": true,
        "isBestMatch": true
    },
    {
        "id": 3073996,
        "price": "2.93210000",
        "qty": "4.58000000",
        "quoteQty": "13.42901800",
        "time": 1629623008071,
        "isBuyerMaker": true,
        "isBestMatch": true
    },
    {
        "id": 3073997,
        "price": "2.93210000",
        "qty": "8.53000000",
        "quoteQty": "25.01081300",
        "time": 1629623008071,
        "isBuyerMaker": true,
        "isBestMatch": true
    },
    {
        "id": 3073998,
        "price": "2.93210000",
        "qty": "22.86000000",
        "quoteQty": "67.02780600",
        "time": 1629623008071,
        "isBuyerMaker": true,
        "isBestMatch": true
    },
    {
        "id": 3073999,
        "price": "2.93210000",
        "qty": "13.65000000",
        "quoteQty": "40.02316500",
        "time": 1629623008071,
        "isBuyerMaker": true,
        "isBestMatch": true
    },
    {
        "id": 3074000,
        "price": "2.93210000",
        "qty": "16.00000000",
        "quoteQty": "46.91360000",
        "time": 1629623008071,
        "isBuyerMaker": true,
        "isBestMatch": true
    },
    {
        "id": 3074001,
        "price": "2.93210000",
        "qty": "35.82000000",
        "quoteQty": "105.02782200",
        "time": 1629623008071,
        "isBuyerMaker": true,
        "isBestMatch": true
    },
    {
        "id": 3074002,
        "price": "2.93210000",
        "qty": "18.42000000",
        "quoteQty": "54.00928200",
        "time": 1629623008071,
        "isBuyerMaker": true,
        "isBestMatch": true
    },
    {
        "id": 3074003,
        "price": "2.93210000",
        "qty": "4.66000000",
        "quoteQty": "13.66358600",
        "time": 1629623008071,
        "isBuyerMaker": true,
        "isBestMatch": true
    },
    {
        "id": 3074004,
        "price": "2.93120000",
        "qty": "7.67000000",
        "quoteQty": "22.48230400",
        "time": 1629623008088,
        "isBuyerMaker": true,
        "isBestMatch": true
    },
    {
        "id": 3074005,
        "price": "2.93490000",
        "qty": "4.42000000",
        "quoteQty": "12.97225800",
        "time": 1629623020915,
        "isBuyerMaker": false,
        "isBestMatch": true
    },
    {
        "id": 3074006,
        "price": "2.93120000",
        "qty": "8.57000000",
        "quoteQty": "25.12038400",
        "time": 1629623034261,
        "isBuyerMaker": true,
        "isBestMatch": true
    },
    {
        "id": 3074007,
        "price": "2.93100000",
        "qty": "5.10000000",
        "quoteQty": "14.94810000",
        "time": 1629623119938,
        "isBuyerMaker": true,
        "isBestMatch": true
    },
    {
        "id": 3074008,
        "price": "2.93040000",
        "qty": "4.09000000",
        "quoteQty": "11.98533600",
