[
    {
        "id": 2325756,
        "price": "0.06141000",
        "qty": "4.50000000",
        "quoteQty": "0.27634500",
        "time": 1629620714156,
        "isBuyerMaker": false,
        "isBestMatch": true
    },
    {
        "id": 2325757,
        "price": "0.06141000",
        "qty": "4.50000000",
        "quoteQty": "0.27634500",
        "time": 1629620714157,
        "isBuyerMaker": false,
        "isBestMatch": true
    },
    {
        "id": 2325758,
        "price": "0.06141000",
        "qty": "47.50000000",
        "quoteQty": "2.91697500",
        "time": 1629620714184,
        "isBuyerMaker": false,
        "isBestMatch": true
    },
    {
        "id": 2325759,
        "price": "0.06141000",
        "qty": "84.20000000",
        "quoteQty": "5.17072200",
        "time": 1629620714194,
        "isBuyerMaker": false,
        "isBestMatch": true
    },
    {
        "id": 2325760,
        "price": "0.06141000",
        "qty": "10.90000000",
        "quoteQty": "0.66936900",
        "time": 1629620714247,
        "isBuyerMaker": false,
        "isBestMatch": true
    },
    {
        "id": 2325761,
        "price": "0.06143000",
        "qty": "4.50000000",
        "quoteQty": "0.27643500",
        "time": 1629620714289,
        "isBuyerMaker": false,
        "isBestMatch": true
    },
    {
        "id": 2325762,
        "price": "0.06144000",
        "qty": "136.30000000",
        "quoteQty": "8.37427200",
        "time": 1629620714295,
        "isBuyerMaker": false,
        "isBestMatch": true
    },
    {
        "id": 2325763,
        "price": "0.06142000",
        "qty": "5.10000000",
        "quoteQty": "0.31324200",
        "time": 1629620733247,
        "isBuyerMaker": true,
        "isBestMatch": true
    },
    {
        "id": 2325764,
        "price": "0.06142000",
        "qty": "29.90000000",
        "quoteQty": "1.83645800",
        "time": 1629620733248,
        "isBuyerMaker": true,
        "isBestMatch": true
    },
    {
        "id": 2325765,
        "price": "0.06143000",
        "qty": "35.00000000",
        "quoteQty": "2.15005000",
        "time": 1629620733298,
        "isBuyerMaker": true,
        "isBestMatch": true
    },
    {
        "id": 2325766,
        "price": "0.06139000",
        "qty": "35.00000000",
        "quoteQty": "2.14865000",
        "time": 1629620735520,
        "isBuyerMaker": true,
        "isBestMatch": true
    },
    {
        "id": 2325767,
        "price": "0.06136000",
        "qty": "0.90000000",
        "quoteQty": "0.05522400",
        "time": 1629620735520,
        "isBuyerMaker": true,
        "isBestMatch": true
    },
    {
        "id": 2325768,
        "price": "0.06135000",
        "qty": "63.20000000",
        "quoteQty": "3.87732000",
        "time": 1629620735520,
        "isBuyerMaker": true,
        "isBestMatch": true
    },
    {
        "id": 2325769,
        "price": "0.06137000",
        "qty": "3.40000000",
        "quoteQty": "0.20865800",
        "time": 1629620778732,
        "isBuyerMaker": true,
        "isBestMatch": true
    },
    {
        "id": 2325770,
        "price": "0.06137000",
        "qty": "11.50000000",
        "quoteQty": "0.70575500",
        "time": 1629620794488,
        "isBuyerMaker": true,
        "isBestMatch": true
    },
    {
        "id": 2325771,
        "price": "0.06134000",
        "qty": "35.90000000",
        "quoteQty": "2.20210600",
        "time": 1629620819939,
        "isBuyerMaker": false,
        "isBestMatch": true
    },
    {
        "id": 2325772,
        "price": "0.06137000",
        "qty": "1.30000000",
        "quoteQty": "0.07978100",
        "time": 1629620838579,
        "isBuyerMaker": false,
        "isBestMatch": true
    },
    {
        "id": 2325773,
        "price": "0.06132000",
        "qty": "3.40000000",
        "quoteQty": "0.20848800",
        "time": 1629620857035,
        "isBuyerMaker": true,
        "isBestMatch": true
    },
    {
        "id": 2325774,
        "price": "0.06141000",
        "qty": "3.40000000",
        "quoteQty": "0.20879400",
        "time": 1629620944047,
        "isBuyerMaker": true,
        "isBestMatch": true
    },
    {
        "id": 2325775,
        "price": "0.06137000",
        "qty": "3.40000000",
        "quoteQty": "0.20865800",
        "time": 1629620961351,
        "isBuyerMaker": true,
        "isBestMatch": true
    },
    {
        "id": 2325776,
        "price": "0.06135000",
        "qty": "28.50000000",
        "quoteQty": "1.74847500",
        "time": 1629620974736,
        "isBuyerMaker": true,
        "isBestMatch": true
    },
    {
        "id": 2325777,
        "price": "0.06131000",
        "qty": "9.40000000",
        "quoteQty": "0.57631400",
        "time": 1629620976467,
        "isBuyerMaker": true,
        "isBestMatch": true
    },
    {
        "id": 2325778,
        "price": "0.06133000",
        "qty": "35.00000000",
        "quoteQty": "2.14655000",
        "time": 1629620976946,
        "isBuyerMaker": false,
        "isBestMatch": true
    },
    {
        "id": 2325779,
        "price": "0.06135000",
        "qty": "3.80000000",
        "quoteQty": "0.23313000",
        "time": 1629621010619,
        "isBuyerMaker": true,
        "isBestMatch": true
    },
    {
        "id": 2325780,
        "price": "0.06140000",
        "qty": "29.30000000",
        "quoteQty": "1.79902000",
        "time": 1629621023890,
        "isBuyerMaker": false,
        "isBestMatch": true
    },
    {
        "id": 2325781,
        "price": "0.06140000",
        "qty": "46.00000000",
        "quoteQty": "2.82440000",
        "time": 1629621024902,
        "isBuyerMaker": false,
        "isBestMatch": true
    },
    {
        "id": 2325782,
        "price": "0.06140000",
        "qty": "46.00000000",
        "quoteQty": "2.82440000",
        "time": 1629621024952,
        "isBuyerMaker": false,
        "isBestMatch": true
    },
    {
        "id": 2325783,
        "price": "0.06140000",
        "qty": "46.00000000",
        "quoteQty": "2.82440000",
        "time": 1629621024992,
        "isBuyerMaker": false,
        "isBestMatch": true
    },
    {
        "id": 2325784,
        "price": "0.06140000",
        "qty": "40.30000000",
        "quoteQty": "2.47442000",
        "time": 1629621025062,
        "isBuyerMaker": false,
        "isBestMatch": true
    },
    {
        "id": 2325785,
        "price": "0.06140000",
        "qty": "46.00000000",
        "quoteQty": "2.82440000",
        "time": 1629621025098,
        "isBuyerMaker": false,
        "isBestMatch": true
    },
    {
        "id": 2325786,
        "price": "0.06140000",
        "qty": "96.90000000",
        "quoteQty": "5.94966000",
        "time": 1629621025144,
        "isBuyerMaker": false,
        "isBestMatch": true
    },
    {
        "id": 2325787,
        "price": "0.06140000",
        "qty": "90.70000000",
        "quoteQty": "5.56898000",
        "time": 1629621025198,
        "isBuyerMaker": false,
        "isBestMatch": true
    },
    {
        "id": 2325788,
        "price": "0.06140000",
        "qty": "4.40000000",
        "quoteQty": "0.27016000",
        "time": 1629621025248,
        "isBuyerMaker": false,
        "isBestMatch": true
    },
    {
        "id": 2325789,
        "price": "0.06143000",
        "qty": "1.70000000",
        "quoteQty": "0.10443100",
        "time": 1629621025598,
        "isBuyerMaker": false,
        "isBestMatch": true
    },
    {
        "id": 2325790,
        "price": "0.06142000",
        "qty": "1.60000000",
        "quoteQty": "0.09827200",
        "time": 1629621026762,
        "isBuyerMaker": false,
        "isBestMatch": true
    },
    {
        "id": 2325791,
        "price": "0.06131000",
        "qty": "13.90000000",
        "quoteQty": "0.85220900",
        "time": 1629621105626,
        "isBuyerMaker": true,
        "isBestMatch": true
    },
    {
        "id": 2325792,
        "price": "0.06131000",
        "qty": "15.00000000",
        "quoteQty": "0.91965000",
        "time": 1629621105981,
        "isBuyerMaker": true,
        "isBestMatch": true
    },
    {
        "id": 2325793,
        "price": "0.06131000",
        "qty": "114.80000000",
        "quoteQty": "7.03838800",
        "time": 1629621105989,
        "isBuyerMaker": true,
        "isBestMatch": true
    },
    {
        "id": 2325794,
        "price": "0.06131000",
        "qty": "283.10000000",
        "quoteQty": "17.35686100",
        "time": 1629621105996,
        "isBuyerMaker": true,
        "isBestMatch": true
    },
    {
        "id": 2325795,
        "price": "0.06131000",
        "qty": "102.60000000",
        "quoteQty": "6.29040600",
        "time": 1629621105997,
        "isBuyerMaker": true,
        "isBestMatch": true
    },
    {
        "id": 2325796,
        "price": "0.06129000",
        "qty": "4.10000000",
        "quoteQty": "0.25128900",
        "time": 1629621106351,
        "isBuyerMaker": true,
        "isBestMatch": true
    },
    {
        "id": 2325797,
        "price": "0.06128000",
        "qty": "2.30000000",
        "quoteQty": "0.14094400",
        "time": 1629621126005,
        "isBuyerMaker": true,
        "isBestMatch": true
    },
    {
        "id": 2325798,
        "price": "0.06128000",
        "qty": "16.30000000",
        "quoteQty": "0.99886400",
        "time": 1629621126750,
        "isBuyerMaker": true,
        "isBestMatch": true
    },
    {
        "id": 2325799,
        "price": "0.06128000",
        "qty": "14.80000000",
        "quoteQty": "0.90694400",
        "time": 1629621126750,
        "isBuyerMaker": true,
        "isBestMatch": true
    },
    {
        "id": 2325800,
        "price": "0.06126000",
        "qty": "30.10000000",
        "quoteQty": "1.84392600",
        "time": 1629621135571,
        "isBuyerMaker": true,
        "isBestMatch": true
    },
    {
        "id": 2325801,
        "price": "0.06124000",
        "qty": "3.80000000",
        "quoteQty": "0.23271200",
        "time": 1629621144830,
        "isBuyerMaker": false,
        "isBestMatch": true
    },
    {
        "id": 2325802,
        "price": "0.06123000",
        "qty": "6.30000000",
        "quoteQty": "0.38574900",
        "time": 1629621148988,
        "isBuyerMaker": true,
        "isBestMatch": true
    },
    {
        "id": 2325803,
        "price": "0.06123000",
        "qty": "4.60000000",
        "quoteQty": "0.28165800",
        "time": 1629621149631,
        "isBuyerMaker": true,
        "isBestMatch": true
    },
    {
        "id": 2325804,
        "price": "0.06123000",
        "qty": "2.10000000",
        "quoteQty": "0.12858300",
        "time": 1629621149696,
        "isBuyerMaker": true,
        "isBestMatch": true
    },
    {
        "id": 2325805,
        "price": "0.06123000",
        "qty": "3.40000000",
        "quoteQty": "0.20818200",
        "time": 1629621162661,
        "isBuyerMaker": true,
        "isBestMatch": true
    },
    {
        "id": 2325806,
        "price": "0.06133000",
        "qty": "5.40000000",
        "quoteQty": "0.33118200",
        "time": 1629621198833,
        "isBuyerMaker": true,
        "isBestMatch": true
    },
    {
        "id": 2325807,
        "price": "0.06139000",
        "qty": "96.20000000",
        "quoteQty": "5.90571800",
        "time": 1629621206592,
        "isBuyerMaker": false,
        "isBestMatch": true
    },
    {
        "id": 2325808,
        "price": "0.06139000",
        "qty": "13.80000000",
        "quoteQty": "0.84718200",
        "time": 1629621206643,
        "isBuyerMaker": false,
        "isBestMatch": true
    },
    {
        "id": 2325809,
        "price": "0.06138000",
        "qty": "2.20000000",
        "quoteQty": "0.13503600",
        "time": 1629621220952,
        "isBuyerMaker": false,
        "isBestMatch": true
    },
    {
        "id": 2325810,
        "price": "0.06138000",
        "qty": "24.90000000",
        "quoteQty": "1.52836200",
        "time": 1629621222103,
        "isBuyerMaker": false,
        "isBestMatch": true
    },
    {
        "id": 2325811,
        "price": "0.06126000",
        "qty": "3.40000000",
        "quoteQty": "0.20828400",
        "time": 1629621280168,
        "isBuyerMaker": true,
        "isBestMatch": true
    },
    {
        "id": 2325812,
        "price": "0.06127000",
        "qty": "35.00000000",
        "quoteQty": "2.14445000",
        "time": 1629621334553,
        "isBuyerMaker": true,
        "isBestMatch": true
    },
    {
        "id": 2325813,
        "price": "0.06127000",
        "qty": "6.00000000",
        "quoteQty": "0.36762000",
        "time": 1629621334553,
        "isBuyerMaker": true,
        "isBestMatch": true
    },
    {
        "id": 2325814,
        "price": "0.06124000",
        "qty": "8.60000000",
        "quoteQty": "0.52666400",
        "time": 1629621440093,
        "isBuyerMaker": false,
        "isBestMatch": true
    },
    {
        "id": 2325815,
        "price": "0.06128000",
        "qty": "3.40000000",
        "quoteQty": "0.20835200",
        "time": 1629621495118,
        "isBuyerMaker": true,
        "isBestMatch": true
    },
    {
        "id": 2325816,
        "price": "0.06132000",
        "qty": "5.90000000",
        "quoteQty": "0.36178800",
        "time": 1629621524045,
        "isBuyerMaker": false,
        "isBestMatch": true
    },
    {
        "id": 2325817,
        "price": "0.06133000",
        "qty": "35.00000000",
        "quoteQty": "2.14655000",
        "time": 1629621529493,
        "isBuyerMaker": false,
        "isBestMatch": true
    },
    {
        "id": 2325818,
        "price": "0.06134000",
        "qty": "35.00000000",
        "quoteQty": "2.14690000",
        "time": 1629621536799,
        "isBuyerMaker": false,
        "isBestMatch": true
    },
    {
        "id": 2325819,
        "price": "0.06139000",
        "qty": "3.40000000",
        "quoteQty": "0.20872600",
        "time": 1629621590133,
        "isBuyerMaker": true,
        "isBestMatch": true
    },
    {
        "id": 2325820,
        "price": "0.06138000",
        "qty": "112.60000000",
        "quoteQty": "6.91138800",
        "time": 1629621593830,
        "isBuyerMaker": true,
        "isBestMatch": true
    },
    {
        "id": 2325821,
        "price": "0.06138000",
        "qty": "59.20000000",
        "quoteQty": "3.63369600",
        "time": 1629621593852,
        "isBuyerMaker": true,
        "isBestMatch": true
    },
    {
        "id": 2325822,
        "price": "0.06138000",
        "qty": "92.10000000",
        "quoteQty": "5.65309800",
        "time": 1629621593852,
        "isBuyerMaker": true,
        "isBestMatch": true
    },
    {
        "id": 2325823,
        "price": "0.06138000",
        "qty": "115.90000000",
        "quoteQty": "7.11394200",
        "time": 1629621593865,
        "isBuyerMaker": true,
        "isBestMatch": true
    },
    {
        "id": 2325824,
        "price": "0.06138000",
        "qty": "40.10000000",
        "quoteQty": "2.46133800",
        "time": 1629621594112,
        "isBuyerMaker": true,
        "isBestMatch": true
    },
    {
        "id": 2325825,
        "price": "0.06138000",
        "qty": "36.60000000",
        "quoteQty": "2.24650800",
        "time": 1629621597921,
        "isBuyerMaker": true,
        "isBestMatch": true
    },
    {
        "id": 2325826,
        "price": "0.06138000",
        "qty": "3.80000000",
        "quoteQty": "0.23324400",
        "time": 1629621599477,
        "isBuyerMaker": true,
        "isBestMatch": true
    },
    {
        "id": 2325827,
        "price": "0.06138000",
        "qty": "100.10000000",
        "quoteQty": "6.14413800",
        "time": 1629621600927,
        "isBuyerMaker": true,
        "isBestMatch": true
    },
    {
        "id": 2325828,
        "price": "0.06135000",
        "qty": "81.40000000",
        "quoteQty": "4.99389000",
        "time": 1629621600956,
        "isBuyerMaker": true,
        "isBestMatch": true
    },
    {
        "id": 2325829,
        "price": "0.06135000",
        "qty": "280.00000000",
        "quoteQty": "17.17800000",
        "time": 1629621611834,
        "isBuyerMaker": true,
        "isBestMatch": true
    },
    {
        "id": 2325830,
        "price": "0.06135000",
        "qty": "280.00000000",
        "quoteQty": "17.17800000",
        "time": 1629621611835,
        "isBuyerMaker": true,
        "isBestMatch": true
    },
    {
        "id": 2325831,
        "price": "0.06135000",
        "qty": "174.70000000",
        "quoteQty": "10.71784500",
        "time": 1629621612739,
        "isBuyerMaker": true,
        "isBestMatch": true
    },
    {
        "id": 2325832,
        "price": "0.06135000",
        "qty": "7.30000000",
        "quoteQty": "0.44785500",
        "time": 1629621647548,
        "isBuyerMaker": false,
        "isBestMatch": true
    },
    {
        "id": 2325833,
        "price": "0.06135000",
        "qty": "1.60000000",
        "quoteQty": "0.09816000",
        "time": 1629621647944,
        "isBuyerMaker": false,
        "isBestMatch": true
    },
    {
        "id": 2325834,
        "price": "0.06133000",
        "qty": "7.20000000",
        "quoteQty": "0.44157600",
        "time": 1629621746364,
        "isBuyerMaker": false,
        "isBestMatch": true
    },
    {
        "id": 2325835,
        "price": "0.06135000",
        "qty": "11.50000000",
        "quoteQty": "0.70552500",
        "time": 1629621785992,
        "isBuyerMaker": false,
        "isBestMatch": true
    },
    {
        "id": 2325836,
        "price": "0.06135000",
        "qty": "94.10000000",
        "quoteQty": "5.77303500",
        "time": 1629621786454,
        "isBuyerMaker": false,
        "isBestMatch": true
    },
    {
        "id": 2325837,
        "price": "0.06135000",
        "qty": "92.30000000",
        "quoteQty": "5.66260500",
        "time": 1629621786497,
        "isBuyerMaker": false,
        "isBestMatch": true
    },
    {
        "id": 2325838,
        "price": "0.06135000",
        "qty": "83.70000000",
        "quoteQty": "5.13499500",
        "time": 1629621786539,
        "isBuyerMaker": false,
        "isBestMatch": true
    },
    {
        "id": 2325839,
        "price": "0.06135000",
        "qty": "90.20000000",
        "quoteQty": "5.53377000",
        "time": 1629621787649,
        "isBuyerMaker": false,
        "isBestMatch": true
    },
    {
        "id": 2325840,
        "price": "0.06135000",
        "qty": "90.80000000",
        "quoteQty": "5.57058000",
        "time": 1629621787692,
        "isBuyerMaker": false,
        "isBestMatch": true
    },
    {
        "id": 2325841,
        "price": "0.06135000",
        "qty": "10.30000000",
        "quoteQty": "0.63190500",
        "time": 1629621787993,
        "isBuyerMaker": false,
        "isBestMatch": true
    },
    {
        "id": 2325842,
        "price": "0.06135000",
        "qty": "1.00000000",
        "quoteQty": "0.06135000",
        "time": 1629621787993,
        "isBuyerMaker": false,
        "isBestMatch": true
    },
    {
        "id": 2325843,
        "price": "0.06135000",
        "qty": "26.00000000",
        "quoteQty": "1.59510000",
        "time": 1629621788891,
        "isBuyerMaker": false,
        "isBestMatch": true
    },
    {
        "id": 2325844,
        "price": "0.06136000",
        "qty": "7.20000000",
        "quoteQty": "0.44179200",
        "time": 1629621794946,
        "isBuyerMaker": true,
        "isBestMatch": true
    },
    {
        "id": 2325845,
        "price": "0.06136000",
        "qty": "6.80000000",
        "quoteQty": "0.41724800",
        "time": 1629621801400,
        "isBuyerMaker": false,
        "isBestMatch": true
    },
    {
        "id": 2325846,
        "price": "0.06137000",
        "qty": "71.70000000",
        "quoteQty": "4.40022900",
        "time": 1629621801400,
        "isBuyerMaker": false,
        "isBestMatch": true
    },
    {
        "id": 2325847,
        "price": "0.06139000",
        "qty": "35.00000000",
        "quoteQty": "2.14865000",
        "time": 1629621801400,
        "isBuyerMaker": false,
        "isBestMatch": true
    },
    {
        "id": 2325848,
        "price": "0.06141000",
        "qty": "8.90000000",
        "quoteQty": "0.54654900",
        "time": 1629621801400,
        "isBuyerMaker": false,
        "isBestMatch": true
    },
    {
        "id": 2325849,
        "price": "0.06142000",
        "qty": "36.40000000",
        "quoteQty": "2.23568800",
        "time": 1629621801400,
        "isBuyerMaker": false,
        "isBestMatch": true
    },
    {
        "id": 2325850,
        "price": "0.06144000",
        "qty": "28.40000000",
        "quoteQty": "1.74489600",
        "time": 1629621918151,
        "isBuyerMaker": false,
        "isBestMatch": true
    },
    {
        "id": 2325851,
        "price": "0.06147000",
        "qty": "1.70000000",
        "quoteQty": "0.10449900",
        "time": 1629621923084,
        "isBuyerMaker": false,
        "isBestMatch": true
    },
    {
        "id": 2325852,
        "price": "0.06142000",
        "qty": "2.00000000",
        "quoteQty": "0.12284000",
        "time": 1629621933463,
        "isBuyerMaker": true,
        "isBestMatch": true
    },
    {
        "id": 2325853,
        "price": "0.06143000",
        "qty": "3.00000000",
        "quoteQty": "0.18429000",
        "time": 1629622025758,
        "isBuyerMaker": true,
        "isBestMatch": true
    },
    {
        "id": 2325854,
        "price": "0.06135000",
        "qty": "1.00000000",
        "quoteQty": "0.06135000",
        "time": 1629622080206,
        "isBuyerMaker": true,
        "isBestMatch": true
    },
    {
        "id": 2325855,
        "price": "0.06140000",
        "qty": "35.00000000",
        "quoteQty": "2.14900000",
        "time": 1629622096401,
        "isBuyerMaker": true,
        "isBestMatch": true
    },
    {
        "id": 2325856,
        "price": "0.06140000",
        "qty": "40.80000000",
        "quoteQty": "2.50512000",
        "time": 1629622101689,
        "isBuyerMaker": false,
        "isBestMatch": true
    },
    {
        "id": 2325857,
        "price": "0.06140000",
        "qty": "86.20000000",
        "quoteQty": "5.29268000",
        "time": 1629622105149,
        "isBuyerMaker": false,
        "isBestMatch": true
    },
    {
        "id": 2325858,
        "price": "0.06140000",
        "qty": "41.00000000",
        "quoteQty": "2.51740000",
        "time": 1629622134398,
        "isBuyerMaker": false,
        "isBestMatch": true
    },
    {
        "id": 2325859,
        "price": "0.06140000",
        "qty": "140.00000000",
        "quoteQty": "8.59600000",
        "time": 1629622134411,
        "isBuyerMaker": false,
        "isBestMatch": true
    },
    {
        "id": 2325860,
        "price": "0.06140000",
        "qty": "140.00000000",
        "quoteQty": "8.59600000",
        "time": 1629622134411,
        "isBuyerMaker": false,
        "isBestMatch": true
    },
    {
        "id": 2325861,
        "price": "0.06140000",
        "qty": "41.00000000",
        "quoteQty": "2.51740000",
        "time": 1629622134447,
        "isBuyerMaker": false,
        "isBestMatch": true
    },
    {
        "id": 2325862,
        "price": "0.06140000",
        "qty": "41.00000000",
        "quoteQty": "2.51740000",
        "time": 1629622134496,
        "isBuyerMaker": false,
        "isBestMatch": true
    },
    {
        "id": 2325863,
        "price": "0.06140000",
        "qty": "7.60000000",
        "quoteQty": "0.46664000",
        "time": 1629622159593,
        "isBuyerMaker": false,
        "isBestMatch": true
    },
    {
        "id": 2325864,
        "price": "0.06140000",
        "qty": "79.50000000",
        "quoteQty": "4.88130000",
        "time": 1629622159644,
        "isBuyerMaker": false,
        "isBestMatch": true
    },
    {
        "id": 2325865,
        "price": "0.06140000",
        "qty": "2.00000000",
        "quoteQty": "0.12280000",
        "time": 1629622162694,
        "isBuyerMaker": false,
        "isBestMatch": true
    },
    {
        "id": 2325866,
        "price": "0.06140000",
        "qty": "86.70000000",
        "quoteQty": "5.32338000",
        "time": 1629622163297,
        "isBuyerMaker": false,
        "isBestMatch": true
    },
    {
        "id": 2325867,
        "price": "0.06140000",
        "qty": "94.80000000",
        "quoteQty": "5.82072000",
        "time": 1629622163342,
        "isBuyerMaker": false,
        "isBestMatch": true
    },
    {
        "id": 2325868,
        "price": "0.06140000",
        "qty": "22.00000000",
        "quoteQty": "1.35080000",
        "time": 1629622163395,
        "isBuyerMaker": false,
        "isBestMatch": true
    },
    {
        "id": 2325869,
        "price": "0.06139000",
        "qty": "3.40000000",
        "quoteQty": "0.20872600",
        "time": 1629622167058,
        "isBuyerMaker": true,
        "isBestMatch": true
    },
    {
        "id": 2325870,
        "price": "0.06142000",
        "qty": "8.30000000",
        "quoteQty": "0.50978600",
        "time": 1629622211992,
        "isBuyerMaker": false,
        "isBestMatch": true
    },
    {
        "id": 2325871,
        "price": "0.06138000",
        "qty": "3.40000000",
        "quoteQty": "0.20869200",
        "time": 1629622310153,
        "isBuyerMaker": true,
        "isBestMatch": true
    },
    {
        "id": 2325872,
        "price": "0.06138000",
        "qty": "11.40000000",
        "quoteQty": "0.69973200",
        "time": 1629622374563,
        "isBuyerMaker": true,
        "isBestMatch": true
    },
    {
        "id": 2325873,
        "price": "0.06143000",
        "qty": "1.60000000",
        "quoteQty": "0.09828800",
        "time": 1629622394449,
        "isBuyerMaker": false,
        "isBestMatch": true
    },
    {
        "id": 2325874,
        "price": "0.06144000",
        "qty": "38.10000000",
        "quoteQty": "2.34086400",
        "time": 1629622409196,
        "isBuyerMaker": false,
        "isBestMatch": true
    },
    {
        "id": 2325875,
        "price": "0.06144000",
        "qty": "1.00000000",
        "quoteQty": "0.06144000",
        "time": 1629622416021,
        "isBuyerMaker": true,
        "isBestMatch": true
    },
    {
        "id": 2325876,
        "price": "0.06147000",
        "qty": "1.30000000",
        "quoteQty": "0.07991100",
        "time": 1629622417897,
        "isBuyerMaker": false,
        "isBestMatch": true
    },
    {
        "id": 2325877,
        "price": "0.06147000",
        "qty": "1.50000000",
        "quoteQty": "0.09220500",
        "time": 1629622421196,
        "isBuyerMaker": false,
        "isBestMatch": true
    },
    {
        "id": 2325878,
        "price": "0.06149000",
        "qty": "10.70000000",
        "quoteQty": "0.65794300",
        "time": 1629622476050,
        "isBuyerMaker": true,
        "isBestMatch": true
    },
    {
        "id": 2325879,
        "price": "0.06156000",
        "qty": "24.00000000",
        "quoteQty": "1.47744000",
        "time": 1629622487382,
        "isBuyerMaker": false,
        "isBestMatch": true
    },
    {
        "id": 2325880,
        "price": "0.06153000",
        "qty": "26.60000000",
        "quoteQty": "1.63669800",
        "time": 1629622513138,
        "isBuyerMaker": true,
        "isBestMatch": true
    },
    {
        "id": 2325881,
        "price": "0.06153000",
        "qty": "26.60000000",
        "quoteQty": "1.63669800",
        "time": 1629622513656,
        "isBuyerMaker": true,
        "isBestMatch": true
    },
    {
        "id": 2325882,
        "price": "0.06153000",
        "qty": "3.00000000",
        "quoteQty": "0.18459000",
        "time": 1629622543845,
        "isBuyerMaker": false,
        "isBestMatch": true
    },
    {
        "id": 2325883,
        "price": "0.06146000",
        "qty": "35.00000000",
        "quoteQty": "2.15110000",
        "time": 1629622568723,
        "isBuyerMaker": false,
        "isBestMatch": true
    },
    {
        "id": 2325884,
        "price": "0.06153000",
        "qty": "35.00000000",
        "quoteQty": "2.15355000",
        "time": 1629622627903,
        "isBuyerMaker": true,
        "isBestMatch": true
    },
    {
        "id": 2325885,
        "price": "0.06153000",
        "qty": "7.60000000",
        "quoteQty": "0.46762800",
        "time": 1629622627903,
        "isBuyerMaker": true,
        "isBestMatch": true
    },
    {
        "id": 2325886,
        "price": "0.06152000",
        "qty": "32.10000000",
        "quoteQty": "1.97479200",
        "time": 1629622627903,
        "isBuyerMaker": true,
        "isBestMatch": true
    },
    {
        "id": 2325887,
        "price": "0.06151000",
        "qty": "35.00000000",
        "quoteQty": "2.15285000",
        "time": 1629622627903,
        "isBuyerMaker": true,
        "isBestMatch": true
    },
    {
        "id": 2325888,
        "price": "0.06151000",
        "qty": "13.50000000",
        "quoteQty": "0.83038500",
        "time": 1629622627903,
        "isBuyerMaker": true,
        "isBestMatch": true
    },
    {
        "id": 2325889,
        "price": "0.06151000",
        "qty": "11.50000000",
        "quoteQty": "0.70736500",
        "time": 1629622627903,
        "isBuyerMaker": true,
        "isBestMatch": true
    },
    {
        "id": 2325890,
        "price": "0.06150000",
        "qty": "71.50000000",
        "quoteQty": "4.39725000",
        "time": 1629622627903,
        "isBuyerMaker": true,
        "isBestMatch": true
    },
    {
        "id": 2325891,
        "price": "0.06150000",
        "qty": "12.70000000",
        "quoteQty": "0.78105000",
        "time": 1629622627903,
        "isBuyerMaker": true,
        "isBestMatch": true
    },
    {
        "id": 2325892,
        "price": "0.06148000",
        "qty": "119.10000000",
        "quoteQty": "7.32226800",
        "time": 1629622627903,
        "isBuyerMaker": true,
        "isBestMatch": true
    },
    {
        "id": 2325893,
        "price": "0.06146000",
        "qty": "1.30000000",
        "quoteQty": "0.07989800",
        "time": 1629622704073,
        "isBuyerMaker": true,
        "isBestMatch": true
    },
    {
        "id": 2325894,
        "price": "0.06144000",
        "qty": "0.90000000",
        "quoteQty": "0.05529600",
        "time": 1629622717645,
        "isBuyerMaker": false,
        "isBestMatch": true
    },
    {
        "id": 2325895,
        "price": "0.06149000",
        "qty": "19.50000000",
        "quoteQty": "1.19905500",
        "time": 1629622760410,
        "isBuyerMaker": false,
        "isBestMatch": true
    },
    {
        "id": 2325896,
        "price": "0.06149000",
        "qty": "99.10000000",
        "quoteQty": "6.09365900",
        "time": 1629622760410,
        "isBuyerMaker": false,
        "isBestMatch": true
    },
    {
        "id": 2325897,
        "price": "0.06149000",
        "qty": "180.10000000",
        "quoteQty": "11.07434900",
        "time": 1629622760423,
        "isBuyerMaker": false,
        "isBestMatch": true
    },
    {
        "id": 2325898,
        "price": "0.06149000",
        "qty": "126.00000000",
        "quoteQty": "7.74774000",
        "time": 1629622760425,
        "isBuyerMaker": false,
        "isBestMatch": true
    },
    {
        "id": 2325899,
        "price": "0.06149000",
        "qty": "1.50000000",
        "quoteQty": "0.09223500",
        "time": 1629622760425,
        "isBuyerMaker": false,
        "isBestMatch": true
    },
    {
        "id": 2325900,
        "price": "0.06152000",
        "qty": "52.40000000",
        "quoteQty": "3.22364800",
        "time": 1629622762290,
        "isBuyerMaker": false,
        "isBestMatch": true
    },
    {
        "id": 2325901,
        "price": "0.06152000",
        "qty": "29.80000000",
        "quoteQty": "1.83329600",
        "time": 1629622762399,
        "isBuyerMaker": false,
        "isBestMatch": true
    },
    {
        "id": 2325902,
        "price": "0.06152000",
        "qty": "67.70000000",
        "quoteQty": "4.16490400",
        "time": 1629622762422,
        "isBuyerMaker": false,
        "isBestMatch": true
    },
    {
        "id": 2325903,
        "price": "0.06152000",
        "qty": "56.20000000",
        "quoteQty": "3.45742400",
        "time": 1629622762457,
        "isBuyerMaker": false,
        "isBestMatch": true
    },
    {
        "id": 2325904,
        "price": "0.06152000",
        "qty": "81.20000000",
        "quoteQty": "4.99542400",
        "time": 1629622762660,
        "isBuyerMaker": false,
        "isBestMatch": true
    },
    {
        "id": 2325905,
        "price": "0.06152000",
        "qty": "1.80000000",
        "quoteQty": "0.11073600",
        "time": 1629622762723,
        "isBuyerMaker": false,
        "isBestMatch": true
    },
    {
        "id": 2325906,
        "price": "0.06152000",
        "qty": "28.30000000",
        "quoteQty": "1.74101600",
        "time": 1629622762847,
        "isBuyerMaker": false,
        "isBestMatch": true
    },
    {
        "id": 2325907,
        "price": "0.06146000",
        "qty": "32.60000000",
        "quoteQty": "2.00359600",
        "time": 1629622767149,
        "isBuyerMaker": true,
        "isBestMatch": true
    },
    {
        "id": 2325908,
        "price": "0.06146000",
        "qty": "2.40000000",
        "quoteQty": "0.14750400",
        "time": 1629622767152,
        "isBuyerMaker": true,
        "isBestMatch": true
    },
    {
        "id": 2325909,
        "price": "0.06145000",
        "qty": "25.90000000",
        "quoteQty": "1.59155500",
        "time": 1629622767337,
        "isBuyerMaker": true,
        "isBestMatch": true
    },
    {
        "id": 2325910,
        "price": "0.06151000",
        "qty": "2.00000000",
        "quoteQty": "0.12302000",
        "time": 1629622797199,
        "isBuyerMaker": false,
        "isBestMatch": true
    },
    {
        "id": 2325911,
        "price": "0.06144000",
        "qty": "35.70000000",
        "quoteQty": "2.19340800",
        "time": 1629622816430,
        "isBuyerMaker": false,
        "isBestMatch": true
    },
    {
        "id": 2325912,
        "price": "0.06144000",
        "qty": "1.70000000",
        "quoteQty": "0.10444800",
        "time": 1629622817094,
        "isBuyerMaker": false,
        "isBestMatch": true
    },
    {
        "id": 2325913,
        "price": "0.06144000",
        "qty": "1.30000000",
        "quoteQty": "0.07987200",
        "time": 1629622817094,
        "isBuyerMaker": false,
        "isBestMatch": true
    },
    {
        "id": 2325914,
        "price": "0.06142000",
        "qty": "1.90000000",
        "quoteQty": "0.11669800",
        "time": 1629622833664,
        "isBuyerMaker": true,
        "isBestMatch": true
    },
    {
        "id": 2325915,
        "price": "0.06142000",
        "qty": "3.40000000",
        "quoteQty": "0.20882800",
        "time": 1629622843857,
        "isBuyerMaker": true,
        "isBestMatch": true
    },
    {
        "id": 2325916,
        "price": "0.06142000",
        "qty": "85.60000000",
        "quoteQty": "5.25755200",
        "time": 1629622862803,
        "isBuyerMaker": true,
        "isBestMatch": true
    },
    {
        "id": 2325917,
        "price": "0.06141000",
        "qty": "1.20000000",
        "quoteQty": "0.07369200",
        "time": 1629622865190,
        "isBuyerMaker": false,
        "isBestMatch": true
    },
    {
        "id": 2325918,
        "price": "0.06145000",
        "qty": "13.40000000",
        "quoteQty": "0.82343000",
        "time": 1629622912863,
        "isBuyerMaker": false,
        "isBestMatch": true
    },
    {
        "id": 2325919,
        "price": "0.06146000",
        "qty": "56.60000000",
        "quoteQty": "3.47863600",
        "time": 1629622917864,
        "isBuyerMaker": false,
        "isBestMatch": true
    },
    {
        "id": 2325920,
        "price": "0.06145000",
        "qty": "35.70000000",
        "quoteQty": "2.19376500",
        "time": 1629622929907,
        "isBuyerMaker": true,
        "isBestMatch": true
    },
    {
        "id": 2325921,
        "price": "0.06145000",
        "qty": "35.00000000",
        "quoteQty": "2.15075000",
        "time": 1629622929907,
        "isBuyerMaker": true,
        "isBestMatch": true
    },
    {
        "id": 2325922,
        "price": "0.06144000",
        "qty": "35.00000000",
        "quoteQty": "2.15040000",
        "time": 1629622929907,
        "isBuyerMaker": true,
        "isBestMatch": true
    },
    {
        "id": 2325923,
        "price": "0.06144000",
        "qty": "3.90000000",
        "quoteQty": "0.23961600",
        "time": 1629622929915,
        "isBuyerMaker": false,
        "isBestMatch": true
    },
    {
        "id": 2325924,
        "price": "0.06144000",
        "qty": "3.40000000",
        "quoteQty": "0.20889600",
        "time": 1629622935459,
        "isBuyerMaker": true,
        "isBestMatch": true
    },
    {
        "id": 2325925,
        "price": "0.06146000",
        "qty": "4.70000000",
        "quoteQty": "0.28886200",
        "time": 1629622956244,
        "isBuyerMaker": false,
        "isBestMatch": true
    },
    {
        "id": 2325926,
        "price": "0.06146000",
        "qty": "5.00000000",
        "quoteQty": "0.30730000",
        "time": 1629622956296,
        "isBuyerMaker": false,
        "isBestMatch": true
    },
    {
        "id": 2325927,
        "price": "0.06149000",
        "qty": "24.80000000",
        "quoteQty": "1.52495200",
        "time": 1629622971197,
        "isBuyerMaker": false,
        "isBestMatch": true
    },
    {
        "id": 2325928,
        "price": "0.06147000",
        "qty": "35.00000000",
        "quoteQty": "2.15145000",
        "time": 1629623009799,
        "isBuyerMaker": false,
        "isBestMatch": true
    },
    {
        "id": 2325929,
        "price": "0.06143000",
        "qty": "1.80000000",
        "quoteQty": "0.11057400",
        "time": 1629623031471,
        "isBuyerMaker": true,
        "isBestMatch": true
    },
    {
        "id": 2325930,
        "price": "0.06147000",
        "qty": "21.70000000",
        "quoteQty": "1.33389900",
        "time": 1629623062837,
        "isBuyerMaker": false,
        "isBestMatch": true
    },
    {
        "id": 2325931,
        "price": "0.06147000",
        "qty": "55.50000000",
        "quoteQty": "3.41158500",
        "time": 1629623062838,
        "isBuyerMaker": false,
        "isBestMatch": true
    },
    {
        "id": 2325932,
        "price": "0.06147000",
        "qty": "19.80000000",
        "quoteQty": "1.21710600",
        "time": 1629623062839,
        "isBuyerMaker": false,
        "isBestMatch": true
    },
    {
        "id": 2325933,
        "price": "0.06147000",
        "qty": "3.00000000",
        "quoteQty": "0.18441000",
        "time": 1629623062840,
        "isBuyerMaker": false,
        "isBestMatch": true
    },
    {
        "id": 2325934,
        "price": "0.06148000",
        "qty": "76.60000000",
        "quoteQty": "4.70936800",
        "time": 1629623062992,
        "isBuyerMaker": false,
        "isBestMatch": true
    },
    {
        "id": 2325935,
        "price": "0.06148000",
        "qty": "29.00000000",
        "quoteQty": "1.78292000",
        "time": 1629623063794,
        "isBuyerMaker": false,
        "isBestMatch": true
    },
    {
        "id": 2325936,
        "price": "0.06148000",
        "qty": "29.00000000",
        "quoteQty": "1.78292000",
        "time": 1629623063842,
        "isBuyerMaker": false,
        "isBestMatch": true
    },
    {
        "id": 2325937,
        "price": "0.06144000",
        "qty": "3.40000000",
        "quoteQty": "0.20889600",
        "time": 1629623071351,
        "isBuyerMaker": true,
        "isBestMatch": true
    },
    {
        "id": 2325938,
        "price": "0.06142000",
        "qty": "35.00000000",
        "quoteQty": "2.14970000",
        "time": 1629623106631,
        "isBuyerMaker": true,
        "isBestMatch": true
    },
    {
        "id": 2325939,
        "price": "0.06141000",
        "qty": "512.90000000",
        "quoteQty": "31.49718900",
        "time": 1629623106652,
        "isBuyerMaker": true,
        "isBestMatch": true
    },
    {
        "id": 2325940,
        "price": "0.06138000",
        "qty": "710.60000000",
        "quoteQty": "43.61662800",
        "time": 1629623106733,
        "isBuyerMaker": true,
        "isBestMatch": true
    },
    {
        "id": 2325941,
        "price": "0.06137000",
        "qty": "100.00000000",
        "quoteQty": "6.13700000",
        "time": 1629623106769,
        "isBuyerMaker": true,
        "isBestMatch": true
    },
    {
        "id": 2325942,
        "price": "0.06137000",
        "qty": "1.50000000",
        "quoteQty": "0.09205500",
        "time": 1629623176008,
        "isBuyerMaker": false,
        "isBestMatch": true
    },
    {
        "id": 2325943,
        "price": "0.06129000",
        "qty": "18.50000000",
        "quoteQty": "1.13386500",
        "time": 1629623368411,
        "isBuyerMaker": true,
        "isBestMatch": true
    },
    {
        "id": 2325944,
        "price": "0.06132000",
        "qty": "35.00000000",
        "quoteQty": "2.14620000",
        "time": 1629623434691,
        "isBuyerMaker": false,
        "isBestMatch": true
    },
    {
        "id": 2325945,
        "price": "0.06124000",
        "qty": "1.40000000",
        "quoteQty": "0.08573600",
        "time": 1629623507469,
        "isBuyerMaker": true,
        "isBestMatch": true
    },
    {
        "id": 2325946,
        "price": "0.06124000",
        "qty": "6.30000000",
        "quoteQty": "0.38581200",
        "time": 1629623507473,
        "isBuyerMaker": true,
        "isBestMatch": true
    },
    {
        "id": 2325947,
        "price": "0.06124000",
        "qty": "31.40000000",
        "quoteQty": "1.92293600",
        "time": 1629623507483,
        "isBuyerMaker": true,
        "isBestMatch": true
    },
    {
        "id": 2325948,
        "price": "0.06124000",
        "qty": "28.50000000",
        "quoteQty": "1.74534000",
        "time": 1629623507483,
        "isBuyerMaker": true,
        "isBestMatch": true
    },
    {
        "id": 2325949,
        "price": "0.06122000",
        "qty": "7.00000000",
        "quoteQty": "0.42854000",
        "time": 1629623513399,
        "isBuyerMaker": true,
        "isBestMatch": true
    },
    {
        "id": 2325950,
        "price": "0.06120000",
        "qty": "162.00000000",
        "quoteQty": "9.91440000",
        "time": 1629623518058,
        "isBuyerMaker": true,
        "isBestMatch": true
    },
    {
        "id": 2325951,
        "price": "0.06120000",
        "qty": "367.80000000",
        "quoteQty": "22.50936000",
        "time": 1629623518058,
        "isBuyerMaker": true,
        "isBestMatch": true
    },
    {
        "id": 2325952,
        "price": "0.06120000",
        "qty": "26.00000000",
        "quoteQty": "1.59120000",
        "time": 1629623518058,
        "isBuyerMaker": true,
        "isBestMatch": true
    },
    {
        "id": 2325953,
        "price": "0.06119000",
        "qty": "17.60000000",
        "quoteQty": "1.07694400",
        "time": 1629623518069,
        "isBuyerMaker": true,
        "isBestMatch": true
    },
    {
        "id": 2325954,
        "price": "0.06119000",
        "qty": "5.70000000",
        "quoteQty": "0.34878300",
        "time": 1629623518072,
        "isBuyerMaker": true,
        "isBestMatch": true
    },
    {
        "id": 2325955,
        "price": "0.06117000",
        "qty": "19.40000000",
        "quoteQty": "1.18669800",
        "time": 1629623518072,
        "isBuyerMaker": true,
        "isBestMatch": true
    },
    {
        "id": 2325956,
        "price": "0.06117000",
        "qty": "214.50000000",
        "quoteQty": "13.12096500",
        "time": 1629623518080,
        "isBuyerMaker": true,
        "isBestMatch": true
    },
    {
        "id": 2325957,
        "price": "0.06117000",
        "qty": "98.10000000",
        "quoteQty": "6.00077700",
        "time": 1629623518090,
        "isBuyerMaker": true,
        "isBestMatch": true
    },
    {
        "id": 2325958,
        "price": "0.06117000",
        "qty": "348.80000000",
        "quoteQty": "21.33609600",
        "time": 1629623518095,
        "isBuyerMaker": true,
        "isBestMatch": true
    },
    {
        "id": 2325959,
        "price": "0.06114000",
        "qty": "100.00000000",
        "quoteQty": "6.11400000",
        "time": 1629623518095,
        "isBuyerMaker": true,
        "isBestMatch": true
    },
    {
        "id": 2325960,
        "price": "0.06112000",
        "qty": "7.30000000",
        "quoteQty": "0.44617600",
        "time": 1629623518095,
        "isBuyerMaker": true,
        "isBestMatch": true
    },
    {
        "id": 2325961,
        "price": "0.06113000",
        "qty": "3.40000000",
        "quoteQty": "0.20784200",
        "time": 1629623529730,
        "isBuyerMaker": true,
        "isBestMatch": true
    },
    {
        "id": 2325962,
        "price": "0.06117000",
        "qty": "4.70000000",
        "quoteQty": "0.28749900",
        "time": 1629623546089,
        "isBuyerMaker": false,
        "isBestMatch": true
    },
    {
        "id": 2325963,
        "price": "0.06117000",
        "qty": "5.00000000",
        "quoteQty": "0.30585000",
        "time": 1629623622466,
        "isBuyerMaker": false,
        "isBestMatch": true
    },
    {
        "id": 2325964,
        "price": "0.06110000",
        "qty": "3.40000000",
        "quoteQty": "0.20774000",
        "time": 1629623665254,
        "isBuyerMaker": true,
        "isBestMatch": true
    },
    {
        "id": 2325965,
        "price": "0.06111000",
        "qty": "0.90000000",
        "quoteQty": "0.05499900",
        "time": 1629623764872,
        "isBuyerMaker": false,
        "isBestMatch": true
    },
    {
        "id": 2325966,
        "price": "0.06109000",
        "qty": "3.40000000",
        "quoteQty": "0.20770600",
        "time": 1629623765894,
        "isBuyerMaker": true,
        "isBestMatch": true
    },
    {
        "id": 2325967,
        "price": "0.06109000",
        "qty": "0.70000000",
        "quoteQty": "0.04276300",
        "time": 1629623808518,
        "isBuyerMaker": true,
        "isBestMatch": true
    },
    {
        "id": 2325968,
        "price": "0.06109000",
        "qty": "10.40000000",
        "quoteQty": "0.63533600",
        "time": 1629623808518,
        "isBuyerMaker": true,
        "isBestMatch": true
    },
    {
        "id": 2325969,
        "price": "0.06109000",
        "qty": "28.80000000",
        "quoteQty": "1.75939200",
        "time": 1629623808624,
        "isBuyerMaker": true,
        "isBestMatch": true
    },
    {
        "id": 2325970,
        "price": "0.06105000",
        "qty": "9.30000000",
        "quoteQty": "0.56776500",
        "time": 1629623814694,
        "isBuyerMaker": true,
        "isBestMatch": true
    },
    {
        "id": 2325971,
        "price": "0.06106000",
        "qty": "29.60000000",
        "quoteQty": "1.80737600",
        "time": 1629623815697,
        "isBuyerMaker": false,
        "isBestMatch": true
    },
    {
        "id": 2325972,
        "price": "0.06109000",
        "qty": "11.20000000",
        "quoteQty": "0.68420800",
        "time": 1629623907765,
        "isBuyerMaker": false,
        "isBestMatch": true
    },
    {
        "id": 2325973,
        "price": "0.06107000",
        "qty": "30.40000000",
        "quoteQty": "1.85652800",
        "time": 1629623913003,
        "isBuyerMaker": false,
        "isBestMatch": true
    },
    {
        "id": 2325974,
        "price": "0.06106000",
        "qty": "26.10000000",
        "quoteQty": "1.59366600",
        "time": 1629623926933,
        "isBuyerMaker": true,
        "isBestMatch": true
    },
    {
        "id": 2325975,
        "price": "0.06105000",
        "qty": "3.40000000",
        "quoteQty": "0.20757000",
        "time": 1629623931025,
        "isBuyerMaker": true,
        "isBestMatch": true
    },
    {
        "id": 2325976,
        "price": "0.06110000",
        "qty": "6.00000000",
        "quoteQty": "0.36660000",
        "time": 1629623963507,
        "isBuyerMaker": false,
        "isBestMatch": true
    },
    {
        "id": 2325977,
        "price": "0.06124000",
        "qty": "3.90000000",
        "quoteQty": "0.23883600",
        "time": 1629623969595,
        "isBuyerMaker": false,
        "isBestMatch": true
    },
    {
        "id": 2325978,
        "price": "0.06115000",
        "qty": "3.40000000",
        "quoteQty": "0.20791000",
        "time": 1629623987114,
        "isBuyerMaker": true,
        "isBestMatch": true
    },
    {
        "id": 2325979,
        "price": "0.06114000",
        "qty": "3.40000000",
        "quoteQty": "0.20787600",
        "time": 1629623989791,
        "isBuyerMaker": true,
        "isBestMatch": true
    },
    {
        "id": 2325980,
        "price": "0.06115000",
        "qty": "3.40000000",
        "quoteQty": "0.20791000",
        "time": 1629623994280,
        "isBuyerMaker": true,
        "isBestMatch": true
    },
    {
        "id": 2325981,
        "price": "0.06114000",
        "qty": "3.40000000",
        "quoteQty": "0.20787600",
        "time": 1629623997444,
        "isBuyerMaker": true,
        "isBestMatch": true
    },
    {
        "id": 2325982,
        "price": "0.06112000",
        "qty": "1.30000000",
        "quoteQty": "0.07945600",
        "time": 1629624035640,
        "isBuyerMaker": true,
        "isBestMatch": true
    },
    {
        "id": 2325983,
        "price": "0.06117000",
        "qty": "3.40000000",
        "quoteQty": "0.20797800",
        "time": 1629624048106,
        "isBuyerMaker": false,
        "isBestMatch": true
    },
    {
        "id": 2325984,
        "price": "0.06118000",
        "qty": "22.90000000",
        "quoteQty": "1.40102200",
        "time": 1629624048106,
        "isBuyerMaker": false,
        "isBestMatch": true
    },
    {
        "id": 2325985,
        "price": "0.06111000",
        "qty": "0.90000000",
        "quoteQty": "0.05499900",
        "time": 1629624135875,
        "isBuyerMaker": true,
        "isBestMatch": true
    },
    {
        "id": 2325986,
        "price": "0.06111000",
        "qty": "2.50000000",
        "quoteQty": "0.15277500",
        "time": 1629624135875,
        "isBuyerMaker": true,
        "isBestMatch": true
    },
    {
        "id": 2325987,
        "price": "0.06115000",
        "qty": "2.50000000",
        "quoteQty": "0.15287500",
        "time": 1629624137907,
        "isBuyerMaker": false,
        "isBestMatch": true
    },
    {
        "id": 2325988,
        "price": "0.06116000",
        "qty": "2.50000000",
        "quoteQty": "0.15290000",
        "time": 1629624137907,
        "isBuyerMaker": false,
        "isBestMatch": true
    },
    {
        "id": 2325989,
        "price": "0.06111000",
        "qty": "3.40000000",
        "quoteQty": "0.20777400",
        "time": 1629624144642,
        "isBuyerMaker": true,
        "isBestMatch": true
    },
    {
        "id": 2325990,
        "price": "0.06115000",
        "qty": "35.00000000",
        "quoteQty": "2.14025000",
        "time": 1629624201692,
        "isBuyerMaker": true,
        "isBestMatch": true
    },
    {
        "id": 2325991,
        "price": "0.06111000",
        "qty": "35.00000000",
        "quoteQty": "2.13885000",
        "time": 1629624201694,
        "isBuyerMaker": true,
        "isBestMatch": true
    },
    {
        "id": 2325992,
        "price": "0.06111000",
        "qty": "3.40000000",
        "quoteQty": "0.20777400",
        "time": 1629624233992,
        "isBuyerMaker": true,
        "isBestMatch": true
    },
    {
        "id": 2325993,
        "price": "0.06112000",
        "qty": "3.40000000",
        "quoteQty": "0.20780800",
        "time": 1629624281196,
        "isBuyerMaker": true,
        "isBestMatch": true
    },
    {
        "id": 2325994,
        "price": "0.06108000",
        "qty": "2.00000000",
        "quoteQty": "0.12216000",
        "time": 1629624330558,
        "isBuyerMaker": true,
        "isBestMatch": true
    },
    {
        "id": 2325995,
        "price": "0.06108000",
        "qty": "1.40000000",
        "quoteQty": "0.08551200",
        "time": 1629624330558,
        "isBuyerMaker": true,
        "isBestMatch": true
    },
    {
        "id": 2325996,
        "price": "0.06108000",
        "qty": "3.40000000",
        "quoteQty": "0.20767200",
        "time": 1629624335305,
        "isBuyerMaker": true,
        "isBestMatch": true
    },
    {
        "id": 2325997,
        "price": "0.06108000",
        "qty": "3.50000000",
        "quoteQty": "0.21378000",
        "time": 1629624353705,
        "isBuyerMaker": true,
        "isBestMatch": true
    },
    {
        "id": 2325998,
        "price": "0.06107000",
        "qty": "28.60000000",
        "quoteQty": "1.74660200",
        "time": 1629624448070,
        "isBuyerMaker": true,
        "isBestMatch": true
    },
    {
        "id": 2325999,
        "price": "0.06108000",
        "qty": "71.60000000",
        "quoteQty": "4.37332800",
        "time": 1629624449527,
        "isBuyerMaker": false,
        "isBestMatch": true
    },
    {
        "id": 2326000,
        "price": "0.06108000",
        "qty": "33.50000000",
        "quoteQty": "2.04618000",
        "time": 1629624449527,
        "isBuyerMaker": false,
        "isBestMatch": true
    },
    {
        "id": 2326001,
        "price": "0.06106000",
        "qty": "3.40000000",
        "quoteQty": "0.20760400",
        "time": 1629624451645,
        "isBuyerMaker": true,
        "isBestMatch": true
    },
    {
        "id": 2326002,
        "price": "0.06108000",
        "qty": "1.90000000",
        "quoteQty": "0.11605200",
        "time": 1629624458292,
        "isBuyerMaker": false,
        "isBestMatch": true
    },
    {
        "id": 2326003,
        "price": "0.06110000",
        "qty": "1.30000000",
        "quoteQty": "0.07943000",
        "time": 1629624482639,
        "isBuyerMaker": false,
        "isBestMatch": true
    },
    {
        "id": 2326004,
        "price": "0.06109000",
        "qty": "0.80000000",
        "quoteQty": "0.04887200",
        "time": 1629624492481,
        "isBuyerMaker": false,
        "isBestMatch": true
    },
    {
        "id": 2326005,
        "price": "0.06108000",
        "qty": "20.00000000",
        "quoteQty": "1.22160000",
        "time": 1629624512485,
        "isBuyerMaker": true,
        "isBestMatch": true
    },
    {
        "id": 2326006,
        "price": "0.06108000",
        "qty": "20.80000000",
        "quoteQty": "1.27046400",
        "time": 1629624526054,
        "isBuyerMaker": false,
        "isBestMatch": true
    },
    {
        "id": 2326007,
        "price": "0.06108000",
        "qty": "5.30000000",
        "quoteQty": "0.32372400",
        "time": 1629624527696,
        "isBuyerMaker": false,
        "isBestMatch": true
    },
    {
        "id": 2326008,
        "price": "0.06115000",
        "qty": "35.00000000",
        "quoteQty": "2.14025000",
        "time": 1629624569743,
        "isBuyerMaker": false,
        "isBestMatch": true
    },
    {
        "id": 2326009,
        "price": "0.06113000",
        "qty": "3.40000000",
        "quoteQty": "0.20784200",
        "time": 1629624574087,
        "isBuyerMaker": true,
        "isBestMatch": true
    },
    {
        "id": 2326010,
        "price": "0.06113000",
        "qty": "3.40000000",
        "quoteQty": "0.20784200",
        "time": 1629624577146,
        "isBuyerMaker": true,
        "isBestMatch": true
    },
    {
        "id": 2326011,
        "price": "0.06113000",
        "qty": "3.40000000",
        "quoteQty": "0.20784200",
        "time": 1629624586150,
        "isBuyerMaker": true,
        "isBestMatch": true
    },
    {
        "id": 2326012,
        "price": "0.06119000",
        "qty": "0.90000000",
        "quoteQty": "0.05507100",
        "time": 1629624625982,
        "isBuyerMaker": true,
        "isBestMatch": true
    },
    {
        "id": 2326013,
        "price": "0.06121000",
        "qty": "28.50000000",
        "quoteQty": "1.74448500",
        "time": 1629624640443,
        "isBuyerMaker": false,
        "isBestMatch": true
    },
    {
        "id": 2326014,
        "price": "0.06125000",
        "qty": "14.20000000",
        "quoteQty": "0.86975000",
        "time": 1629624658793,
        "isBuyerMaker": false,
        "isBestMatch": true
    },
    {
        "id": 2326015,
        "price": "0.06126000",
        "qty": "140.00000000",
        "quoteQty": "8.57640000",
        "time": 1629624668237,
        "isBuyerMaker": false,
        "isBestMatch": true
    },
    {
        "id": 2326016,
        "price": "0.06126000",
        "qty": "334.80000000",
        "quoteQty": "20.50984800",
        "time": 1629624668248,
        "isBuyerMaker": false,
        "isBestMatch": true
    },
    {
        "id": 2326017,
        "price": "0.06129000",
        "qty": "7.00000000",
        "quoteQty": "0.42903000",
        "time": 1629624669401,
        "isBuyerMaker": false,
        "isBestMatch": true
    },
    {
        "id": 2326018,
        "price": "0.06129000",
        "qty": "45.00000000",
        "quoteQty": "2.75805000",
        "time": 1629624670349,
        "isBuyerMaker": false,
        "isBestMatch": true
    },
    {
        "id": 2326019,
        "price": "0.06129000",
        "qty": "45.00000000",
        "quoteQty": "2.75805000",
        "time": 1629624670449,
        "isBuyerMaker": false,
        "isBestMatch": true
    },
    {
        "id": 2326020,
        "price": "0.06129000",
        "qty": "45.00000000",
        "quoteQty": "2.75805000",
        "time": 1629624670513,
        "isBuyerMaker": false,
        "isBestMatch": true
    },
    {
        "id": 2326021,
        "price": "0.06129000",
        "qty": "14.20000000",
        "quoteQty": "0.87031800",
        "time": 1629624671540,
        "isBuyerMaker": false,
        "isBestMatch": true
    },
    {
        "id": 2326022,
        "price": "0.06129000",
        "qty": "94.00000000",
        "quoteQty": "5.76126000",
        "time": 1629624679793,
        "isBuyerMaker": false,
        "isBestMatch": true
    },
    {
        "id": 2326023,
        "price": "0.06129000",
        "qty": "16.00000000",
        "quoteQty": "0.98064000",
        "time": 1629624679846,
        "isBuyerMaker": false,
        "isBestMatch": true
    },
    {
        "id": 2326024,
        "price": "0.06129000",
        "qty": "91.00000000",
        "quoteQty": "5.57739000",
        "time": 1629624679897,
        "isBuyerMaker": false,
        "isBestMatch": true
    },
    {
        "id": 2326025,
        "price": "0.06129000",
        "qty": "84.30000000",
        "quoteQty": "5.16674700",
        "time": 1629624679946,
        "isBuyerMaker": false,
        "isBestMatch": true
    },
    {
        "id": 2326026,
        "price": "0.06129000",
        "qty": "72.20000000",
        "quoteQty": "4.42513800",
        "time": 1629624680052,
        "isBuyerMaker": false,
        "isBestMatch": true
    },
    {
        "id": 2326027,
        "price": "0.06129000",
        "qty": "64.90000000",
        "quoteQty": "3.97772100",
        "time": 1629624680105,
        "isBuyerMaker": false,
        "isBestMatch": true
    },
    {
        "id": 2326028,
        "price": "0.06129000",
        "qty": "7.30000000",
        "quoteQty": "0.44741700",
        "time": 1629624680105,
        "isBuyerMaker": false,
        "isBestMatch": true
    },
    {
        "id": 2326029,
        "price": "0.06129000",
        "qty": "31.80000000",
        "quoteQty": "1.94902200",
        "time": 1629624680240,
        "isBuyerMaker": false,
        "isBestMatch": true
    },
    {
        "id": 2326030,
        "price": "0.06128000",
        "qty": "3.40000000",
        "quoteQty": "0.20835200",
        "time": 1629624681107,
        "isBuyerMaker": true,
        "isBestMatch": true
    },
    {
        "id": 2326031,
        "price": "0.06128000",
        "qty": "3.40000000",
        "quoteQty": "0.20835200",
        "time": 1629624689345,
        "isBuyerMaker": true,
        "isBestMatch": true
    },
    {
        "id": 2326032,
        "price": "0.06134000",
        "qty": "26.00000000",
        "quoteQty": "1.59484000",
        "time": 1629624697541,
        "isBuyerMaker": false,
        "isBestMatch": true
    },
    {
        "id": 2326033,
        "price": "0.06137000",
        "qty": "35.00000000",
        "quoteQty": "2.14795000",
        "time": 1629624714983,
        "isBuyerMaker": false,
        "isBestMatch": true
    },
    {
        "id": 2326034,
        "price": "0.06135000",
        "qty": "3.40000000",
        "quoteQty": "0.20859000",
        "time": 1629624720290,
        "isBuyerMaker": true,
        "isBestMatch": true
    },
    {
        "id": 2326035,
        "price": "0.06140000",
        "qty": "4.10000000",
        "quoteQty": "0.25174000",
        "time": 1629624763652,
        "isBuyerMaker": false,
        "isBestMatch": true
    },
    {
        "id": 2326036,
        "price": "0.06140000",
        "qty": "28.50000000",
        "quoteQty": "1.74990000",
        "time": 1629624763652,
        "isBuyerMaker": false,
        "isBestMatch": true
    },
    {
        "id": 2326037,
        "price": "0.06143000",
        "qty": "39.00000000",
        "quoteQty": "2.39577000",
        "time": 1629624767865,
        "isBuyerMaker": false,
        "isBestMatch": true
    },
    {
        "id": 2326038,
        "price": "0.06151000",
        "qty": "86.00000000",
        "quoteQty": "5.28986000",
        "time": 1629624768944,
        "isBuyerMaker": false,
        "isBestMatch": true
    },
    {
        "id": 2326039,
        "price": "0.06151000",
        "qty": "79.50000000",
        "quoteQty": "4.89004500",
        "time": 1629624768995,
        "isBuyerMaker": false,
        "isBestMatch": true
    },
    {
        "id": 2326040,
        "price": "0.06151000",
        "qty": "270.40000000",
        "quoteQty": "16.63230400",
        "time": 1629624769006,
        "isBuyerMaker": false,
        "isBestMatch": true
    },
    {
        "id": 2326041,
        "price": "0.06151000",
        "qty": "162.40000000",
        "quoteQty": "9.98922400",
        "time": 1629624769016,
        "isBuyerMaker": false,
        "isBestMatch": true
    },
    {
        "id": 2326042,
        "price": "0.06151000",
        "qty": "20.90000000",
        "quoteQty": "1.28555900",
        "time": 1629624769037,
        "isBuyerMaker": false,
        "isBestMatch": true
    },
    {
        "id": 2326043,
        "price": "0.06151000",
        "qty": "168.60000000",
        "quoteQty": "10.37058600",
        "time": 1629624769039,
        "isBuyerMaker": false,
        "isBestMatch": true
    },
    {
        "id": 2326044,
        "price": "0.06153000",
        "qty": "7.00000000",
        "quoteQty": "0.43071000",
        "time": 1629624771198,
        "isBuyerMaker": false,
        "isBestMatch": true
    },
    {
        "id": 2326045,
        "price": "0.06153000",
        "qty": "0.90000000",
        "quoteQty": "0.05537700",
        "time": 1629624771198,
        "isBuyerMaker": false,
        "isBestMatch": true
    },
    {
        "id": 2326046,
        "price": "0.06151000",
        "qty": "25.90000000",
        "quoteQty": "1.59310900",
        "time": 1629624785069,
        "isBuyerMaker": false,
        "isBestMatch": true
    },
    {
        "id": 2326047,
        "price": "0.06147000",
        "qty": "3.40000000",
        "quoteQty": "0.20899800",
        "time": 1629624829597,
        "isBuyerMaker": true,
        "isBestMatch": true
    },
    {
        "id": 2326048,
        "price": "0.06155000",
        "qty": "14.20000000",
        "quoteQty": "0.87401000",
        "time": 1629624867014,
        "isBuyerMaker": true,
        "isBestMatch": true
    },
    {
        "id": 2326049,
        "price": "0.06160000",
        "qty": "4.10000000",
        "quoteQty": "0.25256000",
        "time": 1629624873398,
        "isBuyerMaker": false,
        "isBestMatch": true
    },
    {
        "id": 2326050,
        "price": "0.06160000",
        "qty": "15.30000000",
        "quoteQty": "0.94248000",
        "time": 1629624873398,
        "isBuyerMaker": false,
        "isBestMatch": true
    },
    {
        "id": 2326051,
        "price": "0.06152000",
        "qty": "3.40000000",
        "quoteQty": "0.20916800",
        "time": 1629624905385,
        "isBuyerMaker": true,
        "isBestMatch": true
    },
    {
        "id": 2326052,
        "price": "0.06159000",
        "qty": "14.00000000",
        "quoteQty": "0.86226000",
        "time": 1629624911191,
        "isBuyerMaker": false,
        "isBestMatch": true
    },
    {
        "id": 2326053,
        "price": "0.06159000",
        "qty": "20.70000000",
        "quoteQty": "1.27491300",
        "time": 1629624911244,
        "isBuyerMaker": false,
        "isBestMatch": true
    },
    {
        "id": 2326054,
        "price": "0.06159000",
        "qty": "17.40000000",
        "quoteQty": "1.07166600",
        "time": 1629624911292,
        "isBuyerMaker": false,
        "isBestMatch": true
    },
    {
        "id": 2326055,
        "price": "0.06152000",
        "qty": "3.40000000",
        "quoteQty": "0.20916800",
        "time": 1629624947276,
        "isBuyerMaker": true,
        "isBestMatch": true
    },
    {
        "id": 2326056,
        "price": "0.06153000",
        "qty": "35.00000000",
        "quoteQty": "2.15355000",
        "time": 1629624951544,
        "isBuyerMaker": false,
        "isBestMatch": true
    },
    {
        "id": 2326057,
        "price": "0.06153000",
        "qty": "26.40000000",
        "quoteQty": "1.62439200",
        "time": 1629624951544,
        "isBuyerMaker": false,
        "isBestMatch": true
    },
    {
        "id": 2326058,
        "price": "0.06155000",
        "qty": "35.00000000",
        "quoteQty": "2.15425000",
        "time": 1629624951600,
        "isBuyerMaker": false,
        "isBestMatch": true
    },
    {
        "id": 2326059,
        "price": "0.06159000",
        "qty": "29.00000000",
        "quoteQty": "1.78611000",
        "time": 1629624966042,
        "isBuyerMaker": false,
        "isBestMatch": true
    },
    {
        "id": 2326060,
        "price": "0.06159000",
        "qty": "29.00000000",
        "quoteQty": "1.78611000",
        "time": 1629624966100,
        "isBuyerMaker": false,
        "isBestMatch": true
    },
    {
        "id": 2326061,
        "price": "0.06159000",
        "qty": "27.90000000",
        "quoteQty": "1.71836100",
        "time": 1629624966146,
        "isBuyerMaker": false,
        "isBestMatch": true
    },
    {
        "id": 2326062,
        "price": "0.06159000",
        "qty": "4.10000000",
        "quoteQty": "0.25251900",
        "time": 1629624968710,
        "isBuyerMaker": false,
        "isBestMatch": true
    },
    {
        "id": 2326063,
        "price": "0.06159000",
        "qty": "84.00000000",
        "quoteQty": "5.17356000",
        "time": 1629624970693,
        "isBuyerMaker": false,
        "isBestMatch": true
    },
    {
        "id": 2326064,
        "price": "0.06159000",
        "qty": "89.40000000",
        "quoteQty": "5.50614600",
        "time": 1629624986898,
        "isBuyerMaker": false,
        "isBestMatch": true
    },
    {
        "id": 2326065,
        "price": "0.06159000",
        "qty": "83.60000000",
        "quoteQty": "5.14892400",
        "time": 1629624987148,
        "isBuyerMaker": false,
        "isBestMatch": true
    },
    {
        "id": 2326066,
        "price": "0.06158000",
        "qty": "35.00000000",
        "quoteQty": "2.15530000",
        "time": 1629624987258,
        "isBuyerMaker": true,
        "isBestMatch": true
    },
    {
        "id": 2326067,
        "price": "0.06156000",
        "qty": "5.00000000",
        "quoteQty": "0.30780000",
        "time": 1629624998722,
        "isBuyerMaker": false,
        "isBestMatch": true
    },
    {
        "id": 2326068,
        "price": "0.06148000",
        "qty": "4.50000000",
        "quoteQty": "0.27666000",
        "time": 1629625022091,
        "isBuyerMaker": true,
        "isBestMatch": true
    },
    {
        "id": 2326069,
        "price": "0.06143000",
        "qty": "12.40000000",
        "quoteQty": "0.76173200",
        "time": 1629625022137,
        "isBuyerMaker": true,
        "isBestMatch": true
    },
    {
        "id": 2326070,
        "price": "0.06141000",
        "qty": "6.40000000",
        "quoteQty": "0.39302400",
        "time": 1629625022142,
        "isBuyerMaker": true,
        "isBestMatch": true
    },
    {
        "id": 2326071,
        "price": "0.06139000",
        "qty": "3.40000000",
        "quoteQty": "0.20872600",
        "time": 1629625063974,
        "isBuyerMaker": true,
        "isBestMatch": true
    },
    {
        "id": 2326072,
        "price": "0.06142000",
        "qty": "1.00000000",
        "quoteQty": "0.06142000",
        "time": 1629625074200,
        "isBuyerMaker": true,
        "isBestMatch": true
    },
    {
        "id": 2326073,
        "price": "0.06145000",
        "qty": "3.40000000",
        "quoteQty": "0.20893000",
        "time": 1629625077493,
        "isBuyerMaker": false,
        "isBestMatch": true
    },
    {
        "id": 2326074,
        "price": "0.06156000",
        "qty": "42.40000000",
        "quoteQty": "2.61014400",
        "time": 1629625135570,
        "isBuyerMaker": false,
        "isBestMatch": true
    },
    {
        "id": 2326075,
        "price": "0.06156000",
        "qty": "3.40000000",
        "quoteQty": "0.20930400",
        "time": 1629625155516,
        "isBuyerMaker": true,
        "isBestMatch": true
    },
    {
        "id": 2326076,
        "price": "0.06151000",
        "qty": "3.40000000",
        "quoteQty": "0.20913400",
        "time": 1629625171020,
        "isBuyerMaker": true,
        "isBestMatch": true
    },
    {
        "id": 2326077,
        "price": "0.06158000",
        "qty": "8.70000000",
        "quoteQty": "0.53574600",
        "time": 1629625200419,
        "isBuyerMaker": true,
        "isBestMatch": true
    },
    {
        "id": 2326078,
        "price": "0.06158000",
        "qty": "14.90000000",
        "quoteQty": "0.91754200",
        "time": 1629625200526,
        "isBuyerMaker": true,
        "isBestMatch": true
    },
    {
        "id": 2326079,
        "price": "0.06158000",
        "qty": "8.10000000",
        "quoteQty": "0.49879800",
        "time": 1629625238125,
        "isBuyerMaker": true,
        "isBestMatch": true
    },
    {
        "id": 2326080,
        "price": "0.06162000",
        "qty": "83.00000000",
        "quoteQty": "5.11446000",
        "time": 1629625238995,
        "isBuyerMaker": false,
        "isBestMatch": true
    },
    {
        "id": 2326081,
        "price": "0.06162000",
        "qty": "39.80000000",
        "quoteQty": "2.45247600",
        "time": 1629625239043,
        "isBuyerMaker": false,
        "isBestMatch": true
    },
    {
        "id": 2326082,
        "price": "0.06162000",
        "qty": "81.80000000",
        "quoteQty": "5.04051600",
        "time": 1629625239096,
        "isBuyerMaker": false,
        "isBestMatch": true
    },
    {
        "id": 2326083,
        "price": "0.06162000",
        "qty": "42.30000000",
        "quoteQty": "2.60652600",
        "time": 1629625239146,
        "isBuyerMaker": false,
        "isBestMatch": true
    },
    {
        "id": 2326084,
        "price": "0.06162000",
        "qty": "10.20000000",
        "quoteQty": "0.62852400",
        "time": 1629625239691,
        "isBuyerMaker": false,
        "isBestMatch": true
    },
    {
        "id": 2326085,
        "price": "0.06162000",
        "qty": "43.30000000",
        "quoteQty": "2.66814600",
        "time": 1629625239744,
        "isBuyerMaker": false,
        "isBestMatch": true
    },
    {
        "id": 2326086,
        "price": "0.06162000",
        "qty": "29.00000000",
        "quoteQty": "1.78698000",
        "time": 1629625239889,
        "isBuyerMaker": false,
        "isBestMatch": true
    },
    {
        "id": 2326087,
        "price": "0.06162000",
        "qty": "2.70000000",
        "quoteQty": "0.16637400",
        "time": 1629625239994,
        "isBuyerMaker": false,
        "isBestMatch": true
    },
    {
        "id": 2326088,
        "price": "0.06162000",
        "qty": "1.70000000",
        "quoteQty": "0.10475400",
        "time": 1629625240440,
        "isBuyerMaker": false,
        "isBestMatch": true
    },
    {
        "id": 2326089,
        "price": "0.06162000",
        "qty": "33.60000000",
        "quoteQty": "2.07043200",
        "time": 1629625240846,
        "isBuyerMaker": false,
        "isBestMatch": true
    },
    {
        "id": 2326090,
        "price": "0.06163000",
        "qty": "7.80000000",
        "quoteQty": "0.48071400",
        "time": 1629625242195,
        "isBuyerMaker": false,
        "isBestMatch": true
    },
    {
        "id": 2326091,
        "price": "0.06167000",
        "qty": "14.10000000",
        "quoteQty": "0.86954700",
        "time": 1629625247187,
        "isBuyerMaker": false,
        "isBestMatch": true
    },
    {
        "id": 2326092,
        "price": "0.06167000",
        "qty": "14.20000000",
        "quoteQty": "0.87571400",
        "time": 1629625247243,
        "isBuyerMaker": false,
        "isBestMatch": true
    },
    {
        "id": 2326093,
        "price": "0.06170000",
        "qty": "3.40000000",
        "quoteQty": "0.20978000",
        "time": 1629625260616,
        "isBuyerMaker": true,
        "isBestMatch": true
    },
    {
        "id": 2326094,
        "price": "0.06170000",
        "qty": "5.90000000",
        "quoteQty": "0.36403000",
        "time": 1629625261374,
        "isBuyerMaker": true,
        "isBestMatch": true
    },
    {
        "id": 2326095,
        "price": "0.06167000",
        "qty": "3.40000000",
        "quoteQty": "0.20967800",
        "time": 1629625313893,
        "isBuyerMaker": true,
        "isBestMatch": true
    },
    {
        "id": 2326096,
        "price": "0.06167000",
        "qty": "27.00000000",
        "quoteQty": "1.66509000",
        "time": 1629625327266,
        "isBuyerMaker": true,
        "isBestMatch": true
    },
    {
        "id": 2326097,
        "price": "0.06170000",
        "qty": "38.80000000",
        "quoteQty": "2.39396000",
        "time": 1629625340342,
        "isBuyerMaker": false,
        "isBestMatch": true
    },
    {
        "id": 2326098,
        "price": "0.06171000",
        "qty": "1.20000000",
        "quoteQty": "0.07405200",
        "time": 1629625356045,
        "isBuyerMaker": false,
        "isBestMatch": true
    },
    {
        "id": 2326099,
        "price": "0.06177000",
        "qty": "151.30000000",
        "quoteQty": "9.34580100",
        "time": 1629625356291,
        "isBuyerMaker": false,
        "isBestMatch": true
    },
    {
        "id": 2326100,
        "price": "0.06177000",
        "qty": "339.40000000",
        "quoteQty": "20.96473800",
        "time": 1629625356291,
        "isBuyerMaker": false,
        "isBestMatch": true
    },
    {
        "id": 2326101,
        "price": "0.06180000",
        "qty": "14.10000000",
        "quoteQty": "0.87138000",
        "time": 1629625356445,
        "isBuyerMaker": false,
        "isBestMatch": true
    },
    {
        "id": 2326102,
        "price": "0.06180000",
        "qty": "79.20000000",
        "quoteQty": "4.89456000",
        "time": 1629625356492,
        "isBuyerMaker": false,
        "isBestMatch": true
    },
    {
        "id": 2326103,
        "price": "0.06180000",
        "qty": "222.10000000",
        "quoteQty": "13.72578000",
        "time": 1629625356565,
        "isBuyerMaker": false,
        "isBestMatch": true
    },
    {
        "id": 2326104,
        "price": "0.06180000",
        "qty": "269.60000000",
        "quoteQty": "16.66128000",
        "time": 1629625356566,
        "isBuyerMaker": false,
        "isBestMatch": true
    },
    {
        "id": 2326105,
        "price": "0.06181000",
        "qty": "4.00000000",
        "quoteQty": "0.24724000",
        "time": 1629625356694,
        "isBuyerMaker": false,
        "isBestMatch": true
    },
    {
        "id": 2326106,
        "price": "0.06181000",
        "qty": "1.60000000",
        "quoteQty": "0.09889600",
        "time": 1629625356694,
        "isBuyerMaker": false,
        "isBestMatch": true
    },
    {
        "id": 2326107,
        "price": "0.06179000",
        "qty": "1.80000000",
        "quoteQty": "0.11122200",
        "time": 1629625376196,
        "isBuyerMaker": false,
        "isBestMatch": true
    },
    {
        "id": 2326108,
        "price": "0.06179000",
        "qty": "1.00000000",
        "quoteQty": "0.06179000",
        "time": 1629625376289,
        "isBuyerMaker": false,
        "isBestMatch": true
    },
    {
        "id": 2326109,
        "price": "0.06179000",
        "qty": "25.50000000",
        "quoteQty": "1.57564500",
        "time": 1629625377233,
        "isBuyerMaker": false,
        "isBestMatch": true
    },
    {
        "id": 2326110,
        "price": "0.06183000",
        "qty": "1.70000000",
        "quoteQty": "0.10511100",
        "time": 1629625385843,
        "isBuyerMaker": false,
        "isBestMatch": true
    },
    {
        "id": 2326111,
        "price": "0.06179000",
        "qty": "3.40000000",
        "quoteQty": "0.21008600",
        "time": 1629625401248,
        "isBuyerMaker": true,
        "isBestMatch": true
    },
    {
        "id": 2326112,
        "price": "0.06182000",
        "qty": "15.70000000",
        "quoteQty": "0.97057400",
        "time": 1629625412601,
        "isBuyerMaker": false,
        "isBestMatch": true
    },
    {
        "id": 2326113,
        "price": "0.06173000",
        "qty": "505.70000000",
        "quoteQty": "31.21686100",
        "time": 1629625432660,
        "isBuyerMaker": true,
        "isBestMatch": true
    },
    {
        "id": 2326114,
        "price": "0.06187000",
        "qty": "5.70000000",
        "quoteQty": "0.35265900",
        "time": 1629625478218,
        "isBuyerMaker": false,
        "isBestMatch": true
    },
    {
        "id": 2326115,
        "price": "0.06188000",
        "qty": "82.90000000",
        "quoteQty": "5.12985200",
        "time": 1629625478345,
        "isBuyerMaker": false,
        "isBestMatch": true
    },
    {
        "id": 2326116,
        "price": "0.06188000",
        "qty": "78.70000000",
        "quoteQty": "4.86995600",
        "time": 1629625478445,
        "isBuyerMaker": false,
        "isBestMatch": true
    },
    {
        "id": 2326117,
        "price": "0.06188000",
        "qty": "51.30000000",
        "quoteQty": "3.17444400",
        "time": 1629625478746,
        "isBuyerMaker": false,
        "isBestMatch": true
    },
    {
        "id": 2326118,
        "price": "0.06188000",
        "qty": "77.90000000",
        "quoteQty": "4.82045200",
        "time": 1629625478787,
        "isBuyerMaker": false,
        "isBestMatch": true
    },
    {
        "id": 2326119,
        "price": "0.06188000",
        "qty": "80.30000000",
        "quoteQty": "4.96896400",
        "time": 1629625482992,
        "isBuyerMaker": false,
        "isBestMatch": true
    },
    {
        "id": 2326120,
        "price": "0.06188000",
        "qty": "2.50000000",
        "quoteQty": "0.15470000",
        "time": 1629625488235,
        "isBuyerMaker": false,
        "isBestMatch": true
    },
    {
        "id": 2326121,
        "price": "0.06188000",
        "qty": "76.40000000",
        "quoteQty": "4.72763200",
        "time": 1629625488337,
        "isBuyerMaker": false,
        "isBestMatch": true
    },
    {
        "id": 2326122,
        "price": "0.06190000",
        "qty": "1.20000000",
        "quoteQty": "0.07428000",
        "time": 1629625488377,
        "isBuyerMaker": false,
        "isBestMatch": true
    },
    {
        "id": 2326123,
        "price": "0.06190000",
        "qty": "1.60000000",
        "quoteQty": "0.09904000",
        "time": 1629625488377,
        "isBuyerMaker": false,
        "isBestMatch": true
    },
    {
        "id": 2326124,
        "price": "0.06193000",
        "qty": "13.40000000",
        "quoteQty": "0.82986200",
        "time": 1629625494940,
        "isBuyerMaker": false,
        "isBestMatch": true
    },
    {
        "id": 2326125,
        "price": "0.06194000",
        "qty": "16.30000000",
        "quoteQty": "1.00962200",
        "time": 1629625499862,
        "isBuyerMaker": false,
        "isBestMatch": true
    },
    {
        "id": 2326126,
        "price": "0.06194000",
        "qty": "79.70000000",
        "quoteQty": "4.93661800",
        "time": 1629625499973,
        "isBuyerMaker": false,
        "isBestMatch": true
    },
    {
        "id": 2326127,
        "price": "0.06194000",
        "qty": "29.00000000",
        "quoteQty": "1.79626000",
        "time": 1629625500995,
        "isBuyerMaker": false,
        "isBestMatch": true
    },
    {
        "id": 2326128,
        "price": "0.06194000",
        "qty": "10.00000000",
        "quoteQty": "0.61940000",
        "time": 1629625501993,
        "isBuyerMaker": false,
        "isBestMatch": true
    },
    {
        "id": 2326129,
        "price": "0.06194000",
        "qty": "85.00000000",
        "quoteQty": "5.26490000",
        "time": 1629625508459,
        "isBuyerMaker": false,
        "isBestMatch": true
    },
    {
        "id": 2326130,
        "price": "0.06194000",
        "qty": "84.00000000",
        "quoteQty": "5.20296000",
        "time": 1629625508792,
        "isBuyerMaker": false,
        "isBestMatch": true
    },
    {
        "id": 2326131,
        "price": "0.06194000",
        "qty": "83.30000000",
        "quoteQty": "5.15960200",
        "time": 1629625509194,
        "isBuyerMaker": false,
        "isBestMatch": true
    },
    {
        "id": 2326132,
        "price": "0.06194000",
        "qty": "85.30000000",
        "quoteQty": "5.28348200",
        "time": 1629625509246,
        "isBuyerMaker": false,
        "isBestMatch": true
    },
    {
        "id": 2326133,
        "price": "0.06194000",
        "qty": "2.70000000",
        "quoteQty": "0.16723800",
        "time": 1629625509355,
        "isBuyerMaker": false,
        "isBestMatch": true
    },
    {
        "id": 2326134,
        "price": "0.06194000",
        "qty": "70.10000000",
        "quoteQty": "4.34199400",
        "time": 1629625511049,
        "isBuyerMaker": false,
        "isBestMatch": true
    },
    {
        "id": 2326135,
        "price": "0.06194000",
        "qty": "49.80000000",
        "quoteQty": "3.08461200",
        "time": 1629625512044,
        "isBuyerMaker": false,
        "isBestMatch": true
    },
    {
        "id": 2326136,
        "price": "0.06194000",
        "qty": "14.00000000",
        "quoteQty": "0.86716000",
        "time": 1629625512101,
        "isBuyerMaker": false,
        "isBestMatch": true
    },
    {
        "id": 2326137,
        "price": "0.06194000",
        "qty": "76.40000000",
        "quoteQty": "4.73221600",
        "time": 1629625512154,
        "isBuyerMaker": false,
        "isBestMatch": true
    },
    {
        "id": 2326138,
        "price": "0.06194000",
        "qty": "96.40000000",
        "quoteQty": "5.97101600",
        "time": 1629625512174,
        "isBuyerMaker": false,
        "isBestMatch": true
    },
    {
        "id": 2326139,
        "price": "0.06198000",
        "qty": "35.00000000",
        "quoteQty": "2.16930000",
        "time": 1629625546469,
        "isBuyerMaker": false,
        "isBestMatch": true
    },
    {
        "id": 2326140,
        "price": "0.06199000",
        "qty": "17.70000000",
        "quoteQty": "1.09722300",
        "time": 1629625546469,
        "isBuyerMaker": false,
        "isBestMatch": true
    },
    {
        "id": 2326141,
        "price": "0.06194000",
        "qty": "1.00000000",
        "quoteQty": "0.06194000",
        "time": 1629625548472,
        "isBuyerMaker": true,
        "isBestMatch": true
    },
    {
        "id": 2326142,
        "price": "0.06193000",
        "qty": "35.00000000",
        "quoteQty": "2.16755000",
        "time": 1629625548481,
        "isBuyerMaker": true,
        "isBestMatch": true
    },
    {
        "id": 2326143,
        "price": "0.06189000",
        "qty": "16.30000000",
        "quoteQty": "1.00880700",
        "time": 1629625548494,
        "isBuyerMaker": true,
        "isBestMatch": true
    },
    {
        "id": 2326144,
        "price": "0.06188000",
        "qty": "3.40000000",
        "quoteQty": "0.21039200",
        "time": 1629625591771,
        "isBuyerMaker": true,
        "isBestMatch": true
    },
    {
        "id": 2326145,
        "price": "0.06199000",
        "qty": "35.00000000",
        "quoteQty": "2.16965000",
        "time": 1629625627644,
        "isBuyerMaker": false,
        "isBestMatch": true
    },
    {
        "id": 2326146,
        "price": "0.06200000",
        "qty": "4.00000000",
        "quoteQty": "0.24800000",
        "time": 1629625643391,
        "isBuyerMaker": false,
        "isBestMatch": true
    },
    {
        "id": 2326147,
        "price": "0.06202000",
        "qty": "56.80000000",
        "quoteQty": "3.52273600",
        "time": 1629625644006,
        "isBuyerMaker": false,
        "isBestMatch": true
    },
    {
        "id": 2326148,
        "price": "0.06202000",
        "qty": "103.90000000",
        "quoteQty": "6.44387800",
        "time": 1629625644102,
        "isBuyerMaker": false,
        "isBestMatch": true
    },
    {
        "id": 2326149,
        "price": "0.06201000",
        "qty": "21.10000000",
        "quoteQty": "1.30841100",
        "time": 1629625644191,
        "isBuyerMaker": false,
        "isBestMatch": true
    },
    {
        "id": 2326150,
        "price": "0.06201000",
        "qty": "7.10000000",
        "quoteQty": "0.44027100",
        "time": 1629625644238,
        "isBuyerMaker": false,
        "isBestMatch": true
    },
    {
        "id": 2326151,
        "price": "0.06202000",
        "qty": "58.40000000",
        "quoteQty": "3.62196800",
        "time": 1629625644993,
        "isBuyerMaker": false,
        "isBestMatch": true
    },
    {
        "id": 2326152,
        "price": "0.06202000",
        "qty": "85.00000000",
        "quoteQty": "5.27170000",
        "time": 1629625645492,
        "isBuyerMaker": false,
        "isBestMatch": true
    },
    {
        "id": 2326153,
        "price": "0.06202000",
        "qty": "87.40000000",
        "quoteQty": "5.42054800",
        "time": 1629625648442,
        "isBuyerMaker": false,
        "isBestMatch": true
    },
    {
        "id": 2326154,
        "price": "0.06202000",
        "qty": "30.20000000",
        "quoteQty": "1.87300400",
        "time": 1629625648452,
        "isBuyerMaker": false,
        "isBestMatch": true
    },
    {
        "id": 2326155,
        "price": "0.06205000",
        "qty": "3.30000000",
        "quoteQty": "0.20476500",
        "time": 1629625650249,
        "isBuyerMaker": false,
        "isBestMatch": true
    },
    {
        "id": 2326156,
        "price": "0.06205000",
        "qty": "75.70000000",
        "quoteQty": "4.69718500",
        "time": 1629625650249,
        "isBuyerMaker": false,
        "isBestMatch": true
    },
    {
        "id": 2326157,
        "price": "0.06205000",
        "qty": "76.00000000",
        "quoteQty": "4.71580000",
        "time": 1629625650291,
        "isBuyerMaker": false,
        "isBestMatch": true
    },
    {
        "id": 2326158,
        "price": "0.06205000",
        "qty": "45.00000000",
        "quoteQty": "2.79225000",
        "time": 1629625650396,
        "isBuyerMaker": false,
        "isBestMatch": true
    },
    {
        "id": 2326159,
        "price": "0.06205000",
        "qty": "58.30000000",
        "quoteQty": "3.61751500",
        "time": 1629625650699,
        "isBuyerMaker": false,
        "isBestMatch": true
    },
    {
        "id": 2326160,
        "price": "0.06205000",
        "qty": "71.10000000",
        "quoteQty": "4.41175500",
        "time": 1629625651096,
        "isBuyerMaker": false,
        "isBestMatch": true
    },
    {
        "id": 2326161,
        "price": "0.06205000",
        "qty": "45.00000000",
        "quoteQty": "2.79225000",
        "time": 1629625651791,
        "isBuyerMaker": false,
        "isBestMatch": true
    },
    {
        "id": 2326162,
        "price": "0.06205000",
        "qty": "92.50000000",
        "quoteQty": "5.73962500",
        "time": 1629625651846,
        "isBuyerMaker": false,
        "isBestMatch": true
    },
    {
        "id": 2326163,
        "price": "0.06205000",
        "qty": "29.00000000",
        "quoteQty": "1.79945000",
        "time": 1629625651891,
        "isBuyerMaker": false,
        "isBestMatch": true
    },
    {
        "id": 2326164,
        "price": "0.06205000",
        "qty": "1.10000000",
        "quoteQty": "0.06825500",
        "time": 1629625652390,
        "isBuyerMaker": false,
        "isBestMatch": true
    },
    {
        "id": 2326165,
        "price": "0.06205000",
        "qty": "23.70000000",
        "quoteQty": "1.47058500",
        "time": 1629625653212,
        "isBuyerMaker": false,
        "isBestMatch": true
    },
    {
        "id": 2326166,
        "price": "0.06205000",
        "qty": "24.50000000",
        "quoteQty": "1.52022500",
        "time": 1629625653242,
        "isBuyerMaker": false,
        "isBestMatch": true
    },
    {
        "id": 2326167,
        "price": "0.06208000",
        "qty": "3.40000000",
        "quoteQty": "0.21107200",
        "time": 1629625667887,
        "isBuyerMaker": true,
        "isBestMatch": true
    },
    {
        "id": 2326168,
        "price": "0.06211000",
        "qty": "1.20000000",
        "quoteQty": "0.07453200",
        "time": 1629625668985,
        "isBuyerMaker": false,
        "isBestMatch": true
    },
    {
        "id": 2326169,
        "price": "0.06219000",
        "qty": "2.20000000",
        "quoteQty": "0.13681800",
        "time": 1629625677835,
        "isBuyerMaker": true,
        "isBestMatch": true
    },
    {
        "id": 2326170,
        "price": "0.06220000",
        "qty": "4.00000000",
        "quoteQty": "0.24880000",
        "time": 1629625681246,
        "isBuyerMaker": false,
        "isBestMatch": true
    },
    {
        "id": 2326171,
        "price": "0.06221000",
        "qty": "3.40000000",
        "quoteQty": "0.21151400",
        "time": 1629625682100,
        "isBuyerMaker": true,
        "isBestMatch": true
    },
    {
        "id": 2326172,
        "price": "0.06222000",
        "qty": "1.60000000",
        "quoteQty": "0.09955200",
        "time": 1629625682393,
        "isBuyerMaker": false,
        "isBestMatch": true
    },
    {
        "id": 2326173,
        "price": "0.06223000",
        "qty": "18.70000000",
        "quoteQty": "1.16370100",
        "time": 1629625682548,
        "isBuyerMaker": false,
        "isBestMatch": true
    },
    {
        "id": 2326174,
        "price": "0.06223000",
        "qty": "9.40000000",
        "quoteQty": "0.58496200",
        "time": 1629625682568,
        "isBuyerMaker": false,
        "isBestMatch": true
    },
    {
        "id": 2326175,
        "price": "0.06227000",
        "qty": "16.20000000",
        "quoteQty": "1.00877400",
        "time": 1629625693999,
        "isBuyerMaker": false,
        "isBestMatch": true
    },
    {
        "id": 2326176,
        "price": "0.06230000",
        "qty": "16.10000000",
        "quoteQty": "1.00303000",
        "time": 1629625694809,
        "isBuyerMaker": false,
        "isBestMatch": true
    },
    {
        "id": 2326177,
        "price": "0.06231000",
        "qty": "1.60000000",
        "quoteQty": "0.09969600",
        "time": 1629625695491,
        "isBuyerMaker": false,
        "isBestMatch": true
    },
    {
        "id": 2326178,
        "price": "0.06231000",
        "qty": "2.00000000",
        "quoteQty": "0.12462000",
        "time": 1629625695491,
        "isBuyerMaker": false,
        "isBestMatch": true
    },
    {
        "id": 2326179,
        "price": "0.06218000",
        "qty": "35.00000000",
        "quoteQty": "2.17630000",
        "time": 1629625711814,
        "isBuyerMaker": true,
        "isBestMatch": true
    },
    {
        "id": 2326180,
        "price": "0.06213000",
        "qty": "21.00000000",
        "quoteQty": "1.30473000",
        "time": 1629625714161,
        "isBuyerMaker": true,
        "isBestMatch": true
    },
    {
        "id": 2326181,
        "price": "0.06213000",
        "qty": "70.30000000",
        "quoteQty": "4.36773900",
        "time": 1629625714163,
        "isBuyerMaker": true,
        "isBestMatch": true
    },
    {
        "id": 2326182,
        "price": "0.06213000",
        "qty": "390.40000000",
        "quoteQty": "24.25555200",
        "time": 1629625714168,
        "isBuyerMaker": true,
        "isBestMatch": true
    },
    {
        "id": 2326183,
        "price": "0.06210000",
        "qty": "330.70000000",
        "quoteQty": "20.53647000",
        "time": 1629625714345,
        "isBuyerMaker": true,
        "isBestMatch": true
    },
    {
        "id": 2326184,
        "price": "0.06210000",
        "qty": "130.10000000",
        "quoteQty": "8.07921000",
        "time": 1629625714345,
        "isBuyerMaker": true,
        "isBestMatch": true
    },
    {
        "id": 2326185,
        "price": "0.06210000",
        "qty": "312.00000000",
        "quoteQty": "19.37520000",
        "time": 1629625714349,
        "isBuyerMaker": true,
        "isBestMatch": true
    },
    {
        "id": 2326186,
        "price": "0.06210000",
        "qty": "26.10000000",
        "quoteQty": "1.62081000",
        "time": 1629625714350,
        "isBuyerMaker": true,
        "isBestMatch": true
    },
    {
        "id": 2326187,
        "price": "0.06231000",
        "qty": "17.10000000",
        "quoteQty": "1.06550100",
        "time": 1629625738196,
        "isBuyerMaker": false,
        "isBestMatch": true
    },
    {
        "id": 2326188,
        "price": "0.06231000",
        "qty": "17.90000000",
        "quoteQty": "1.11534900",
        "time": 1629625738197,
        "isBuyerMaker": false,
        "isBestMatch": true
    },
    {
        "id": 2326189,
        "price": "0.06227000",
        "qty": "3.40000000",
        "quoteQty": "0.21171800",
        "time": 1629625739376,
        "isBuyerMaker": true,
        "isBestMatch": true
    },
    {
        "id": 2326190,
        "price": "0.06228000",
        "qty": "3.40000000",
        "quoteQty": "0.21175200",
        "time": 1629625763940,
        "isBuyerMaker": true,
        "isBestMatch": true
    },
    {
        "id": 2326191,
        "price": "0.06233000",
        "qty": "3.60000000",
        "quoteQty": "0.22438800",
        "time": 1629625765129,
        "isBuyerMaker": false,
        "isBestMatch": true
    },
    {
        "id": 2326192,
        "price": "0.06234000",
        "qty": "351.10000000",
        "quoteQty": "21.88757400",
        "time": 1629625766219,
        "isBuyerMaker": false,
        "isBestMatch": true
    },
    {
        "id": 2326193,
        "price": "0.06234000",
        "qty": "98.90000000",
        "quoteQty": "6.16542600",
        "time": 1629625766221,
        "isBuyerMaker": false,
        "isBestMatch": true
    },
    {
        "id": 2326194,
        "price": "0.06240000",
        "qty": "4.00000000",
        "quoteQty": "0.24960000",
        "time": 1629625766434,
        "isBuyerMaker": false,
        "isBestMatch": true
    },
    {
        "id": 2326195,
        "price": "0.06245000",
        "qty": "1.60000000",
        "quoteQty": "0.09992000",
        "time": 1629625768123,
        "isBuyerMaker": false,
        "isBestMatch": true
    },
    {
        "id": 2326196,
        "price": "0.06245000",
        "qty": "1.60000000",
        "quoteQty": "0.09992000",
        "time": 1629625768123,
        "isBuyerMaker": false,
        "isBestMatch": true
    },
    {
        "id": 2326197,
        "price": "0.06245000",
        "qty": "1.80000000",
        "quoteQty": "0.11241000",
        "time": 1629625768123,
        "isBuyerMaker": false,
        "isBestMatch": true
    },
    {
        "id": 2326198,
        "price": "0.06245000",
        "qty": "531.90000000",
        "quoteQty": "33.21715500",
        "time": 1629625768123,
        "isBuyerMaker": false,
        "isBestMatch": true
    },
    {
        "id": 2326199,
        "price": "0.06245000",
        "qty": "229.80000000",
        "quoteQty": "14.35101000",
        "time": 1629625768125,
        "isBuyerMaker": false,
        "isBestMatch": true
    },
    {
        "id": 2326200,
        "price": "0.06246000",
        "qty": "6.20000000",
        "quoteQty": "0.38725200",
        "time": 1629625768332,
        "isBuyerMaker": true,
        "isBestMatch": true
    },
    {
        "id": 2326201,
        "price": "0.06248000",
        "qty": "1.90000000",
        "quoteQty": "0.11871200",
        "time": 1629625768591,
        "isBuyerMaker": false,
        "isBestMatch": true
    },
    {
        "id": 2326202,
        "price": "0.06249000",
        "qty": "28.00000000",
        "quoteQty": "1.74972000",
        "time": 1629625768621,
        "isBuyerMaker": false,
        "isBestMatch": true
    },
    {
        "id": 2326203,
        "price": "0.06248000",
        "qty": "1.00000000",
        "quoteQty": "0.06248000",
        "time": 1629625772278,
        "isBuyerMaker": true,
        "isBestMatch": true
    },
    {
        "id": 2326204,
        "price": "0.06252000",
        "qty": "1.20000000",
        "quoteQty": "0.07502400",
        "time": 1629625773229,
        "isBuyerMaker": false,
        "isBestMatch": true
    },
    {
        "id": 2326205,
        "price": "0.06253000",
        "qty": "3.20000000",
        "quoteQty": "0.20009600",
        "time": 1629625773769,
        "isBuyerMaker": false,
        "isBestMatch": true
    },
    {
        "id": 2326206,
        "price": "0.06256000",
        "qty": "19.90000000",
        "quoteQty": "1.24494400",
        "time": 1629625775941,
        "isBuyerMaker": true,
        "isBestMatch": true
    },
    {
        "id": 2326207,
        "price": "0.06250000",
        "qty": "0.90000000",
        "quoteQty": "0.05625000",
        "time": 1629625776915,
        "isBuyerMaker": true,
        "isBestMatch": true
    },
    {
        "id": 2326208,
        "price": "0.06260000",
        "qty": "4.00000000",
        "quoteQty": "0.25040000",
        "time": 1629625782744,
        "isBuyerMaker": false,
        "isBestMatch": true
    },
    {
        "id": 2326209,
        "price": "0.06263000",
        "qty": "17.00000000",
        "quoteQty": "1.06471000",
        "time": 1629625784864,
