[
    {
        "id": 226280951,
        "price": "47285.03000000",
        "qty": "0.01452000",
        "quoteQty": "686.57863560",
        "time": 1629986863131,
        "isBuyerMaker": true,
        "isBestMatch": true
    },
    {
        "id": 226280952,
        "price": "47285.58000000",
        "qty": "0.00568000",
        "quoteQty": "268.58209440",
        "time": 1629986863478,
        "isBuyerMaker": true,
        "isBestMatch": true
    },
    {
        "id": 226280953,
        "price": "47281.13000000",
        "qty": "0.00040000",
        "quoteQty": "18.91245200",
        "time": 1629986864256,
        "isBuyerMaker": true,
        "isBestMatch": true
    },
    {
        "id": 226280954,
        "price": "47283.22000000",
        "qty": "0.00052000",
        "quoteQty": "24.58727440",
        "time": 1629986864742,
        "isBuyerMaker": true,
        "isBestMatch": true
    },
    {
        "id": 226280955,
        "price": "47283.23000000",
        "qty": "0.11849000",
        "quoteQty": "5602.58992270",
        "time": 1629986864859,
        "isBuyerMaker": false,
        "isBestMatch": true
    },
    {
        "id": 226280956,
        "price": "47283.22000000",
        "qty": "0.00175000",
        "quoteQty": "82.74563500",
        "time": 1629986865067,
        "isBuyerMaker": true,
        "isBestMatch": true
    },
    {
        "id": 226280957,
        "price": "47283.23000000",
        "qty": "0.00743000",
        "quoteQty": "351.31439890",
        "time": 1629986865246,
        "isBuyerMaker": false,
        "isBestMatch": true
    },
    {
        "id": 226280958,
        "price": "47283.22000000",
        "qty": "0.00516000",
        "quoteQty": "243.98141520",
        "time": 1629986865606,
        "isBuyerMaker": true,
        "isBestMatch": true
    },
    {
        "id": 226280959,
        "price": "47283.22000000",
        "qty": "0.04141000",
        "quoteQty": "1957.99814020",
        "time": 1629986865608,
        "isBuyerMaker": true,
        "isBestMatch": true
    },
    {
        "id": 226280960,
        "price": "47283.22000000",
        "qty": "0.00042000",
        "quoteQty": "19.85895240",
        "time": 1629986865608,
        "isBuyerMaker": true,
        "isBestMatch": true
    },
    {
        "id": 226280961,
        "price": "47283.22000000",
        "qty": "0.00040000",
        "quoteQty": "18.91328800",
        "time": 1629986865608,
        "isBuyerMaker": true,
        "isBestMatch": true
    },
    {
        "id": 226280962,
        "price": "47283.23000000",
        "qty": "0.00143000",
        "quoteQty": "67.61501890",
        "time": 1629986865619,
        "isBuyerMaker": false,
        "isBestMatch": true
    },
    {
        "id": 226280963,
        "price": "47277.87000000",
        "qty": "2.81745000",
        "quoteQty": "133203.03483150",
        "time": 1629986865708,
        "isBuyerMaker": true,
        "isBestMatch": true
    },
    {
        "id": 226280964,
        "price": "47281.33000000",
        "qty": "0.00103000",
        "quoteQty": "48.69976990",
        "time": 1629986865891,
        "isBuyerMaker": false,
        "isBestMatch": true
    },
    {
        "id": 226280965,
        "price": "47283.23000000",
        "qty": "0.00042000",
        "quoteQty": "19.85895660",
        "time": 1629986866877,
        "isBuyerMaker": false,
        "isBestMatch": true
    },
    {
        "id": 226280966,
        "price": "47285.58000000",
        "qty": "0.00078000",
        "quoteQty": "36.88275240",
        "time": 1629986866877,
        "isBuyerMaker": false,
        "isBestMatch": true
    },
    {
        "id": 226280967,
        "price": "47285.58000000",
        "qty": "0.00653000",
        "quoteQty": "308.77483740",
        "time": 1629986867087,
        "isBuyerMaker": false,
        "isBestMatch": true
    },
    {
        "id": 226280968,
        "price": "47285.58000000",
        "qty": "0.00679000",
        "quoteQty": "321.06908820",
        "time": 1629986867099,
        "isBuyerMaker": false,
        "isBestMatch": true
    },
    {
        "id": 226280969,
        "price": "47285.58000000",
        "qty": "0.00120000",
        "quoteQty": "56.74269600",
        "time": 1629986867447,
        "isBuyerMaker": false,
        "isBestMatch": true
    },
    {
        "id": 226280970,
        "price": "47285.58000000",
        "qty": "0.00039000",
        "quoteQty": "18.44137620",
        "time": 1629986867447,
        "isBuyerMaker": false,
        "isBestMatch": true
    },
    {
        "id": 226280971,
        "price": "47285.58000000",
        "qty": "0.00001000",
        "quoteQty": "0.47285580",
        "time": 1629986867505,
        "isBuyerMaker": false,
        "isBestMatch": true
    },
    {
        "id": 226280972,
        "price": "47297.71000000",
        "qty": "0.00688000",
        "quoteQty": "325.40824480",
        "time": 1629986867734,
        "isBuyerMaker": true,
        "isBestMatch": true
    },
    {
        "id": 226280973,
        "price": "47299.32000000",
        "qty": "0.00217000",
        "quoteQty": "102.63952440",
        "time": 1629986867800,
        "isBuyerMaker": true,
        "isBestMatch": true
    },
    {
        "id": 226280974,
        "price": "47299.40000000",
        "qty": "0.00059000",
        "quoteQty": "27.90664600",
        "time": 1629986868594,
        "isBuyerMaker": true,
        "isBestMatch": true
    },
    {
        "id": 226280975,
        "price": "47299.40000000",
        "qty": "0.00110000",
        "quoteQty": "52.02934000",
        "time": 1629986868795,
        "isBuyerMaker": true,
        "isBestMatch": true
    },
    {
        "id": 226280976,
        "price": "47299.40000000",
        "qty": "0.00042000",
        "quoteQty": "19.86574800",
        "time": 1629986869197,
        "isBuyerMaker": true,
        "isBestMatch": true
    },
    {
        "id": 226280977,
        "price": "47299.40000000",
        "qty": "0.00127000",
        "quoteQty": "60.07023800",
        "time": 1629986869197,
        "isBuyerMaker": true,
        "isBestMatch": true
    },
    {
        "id": 226280978,
        "price": "47299.41000000",
        "qty": "0.00042000",
        "quoteQty": "19.86575220",
        "time": 1629986869531,
        "isBuyerMaker": false,
        "isBestMatch": true
    },
    {
        "id": 226280979,
        "price": "47299.99000000",
        "qty": "0.00040000",
        "quoteQty": "18.91999600",
        "time": 1629986869548,
        "isBuyerMaker": true,
        "isBestMatch": true
    },
    {
        "id": 226280980,
        "price": "47300.00000000",
        "qty": "0.00528000",
        "quoteQty": "249.74400000",
        "time": 1629986869599,
        "isBuyerMaker": false,
        "isBestMatch": true
    },
    {
        "id": 226280981,
        "price": "47300.00000000",
        "qty": "0.02999000",
        "quoteQty": "1418.52700000",
        "time": 1629986869599,
        "isBuyerMaker": false,
        "isBestMatch": true
    },
    {
        "id": 226280982,
        "price": "47300.00000000",
        "qty": "0.00001000",
        "quoteQty": "0.47300000",
        "time": 1629986869720,
        "isBuyerMaker": false,
        "isBestMatch": true
    },
    {
        "id": 226280983,
        "price": "47300.61000000",
        "qty": "0.04147000",
        "quoteQty": "1961.55629670",
        "time": 1629986869720,
        "isBuyerMaker": false,
        "isBestMatch": true
    },
    {
        "id": 226280984,
        "price": "47304.99000000",
        "qty": "0.00040000",
        "quoteQty": "18.92199600",
        "time": 1629986869757,
        "isBuyerMaker": true,
        "isBestMatch": true
    },
    {
        "id": 226280985,
        "price": "47305.00000000",
        "qty": "0.00448000",
        "quoteQty": "211.92640000",
        "time": 1629986869797,
        "isBuyerMaker": false,
        "isBestMatch": true
    },
    {
        "id": 226280986,
        "price": "47304.99000000",
        "qty": "0.00046000",
        "quoteQty": "21.76029540",
        "time": 1629986869852,
        "isBuyerMaker": true,
        "isBestMatch": true
    },
    {
        "id": 226280987,
        "price": "47304.99000000",
        "qty": "0.00046000",
        "quoteQty": "21.76029540",
        "time": 1629986869945,
        "isBuyerMaker": true,
        "isBestMatch": true
    },
    {
        "id": 226280988,
        "price": "47305.00000000",
        "qty": "0.00001000",
        "quoteQty": "0.47305000",
        "time": 1629986870995,
        "isBuyerMaker": false,
        "isBestMatch": true
    },
    {
        "id": 226280989,
        "price": "47305.00000000",
        "qty": "0.03038000",
        "quoteQty": "1437.12590000",
        "time": 1629986870995,
        "isBuyerMaker": false,
        "isBestMatch": true
    },
    {
        "id": 226280990,
        "price": "47304.99000000",
        "qty": "0.00094000",
        "quoteQty": "44.46669060",
        "time": 1629986871353,
        "isBuyerMaker": true,
        "isBestMatch": true
    },
    {
        "id": 226280991,
        "price": "47304.73000000",
        "qty": "0.00300000",
        "quoteQty": "141.91419000",
        "time": 1629986871405,
        "isBuyerMaker": false,
        "isBestMatch": true
    },
    {
        "id": 226280992,
        "price": "47304.72000000",
        "qty": "0.01057000",
        "quoteQty": "500.01089040",
        "time": 1629986871569,
        "isBuyerMaker": true,
        "isBestMatch": true
    },
    {
        "id": 226280993,
        "price": "47299.41000000",
        "qty": "0.01056000",
        "quoteQty": "499.48176960",
        "time": 1629986871651,
        "isBuyerMaker": false,
        "isBestMatch": true
    },
    {
        "id": 226280994,
        "price": "47299.41000000",
        "qty": "0.00001000",
        "quoteQty": "0.47299410",
        "time": 1629986872161,
        "isBuyerMaker": false,
        "isBestMatch": true
    },
    {
        "id": 226280995,
        "price": "47299.41000000",
        "qty": "0.00057000",
        "quoteQty": "26.96066370",
        "time": 1629986872161,
        "isBuyerMaker": false,
        "isBestMatch": true
    },
    {
        "id": 226280996,
        "price": "47301.41000000",
        "qty": "0.00042000",
        "quoteQty": "19.86659220",
        "time": 1629986872544,
        "isBuyerMaker": false,
        "isBestMatch": true
    },
    {
        "id": 226280997,
        "price": "47304.59000000",
        "qty": "0.00854000",
        "quoteQty": "403.98119860",
        "time": 1629986872544,
        "isBuyerMaker": false,
        "isBestMatch": true
    },
    {
        "id": 226280998,
        "price": "47304.73000000",
        "qty": "0.00110000",
        "quoteQty": "52.03520300",
        "time": 1629986872544,
        "isBuyerMaker": false,
        "isBestMatch": true
    },
    {
        "id": 226280999,
        "price": "47303.84000000",
        "qty": "0.00950000",
        "quoteQty": "449.38648000",
        "time": 1629986872746,
        "isBuyerMaker": true,
        "isBestMatch": true
    },
    {
        "id": 226281000,
        "price": "47304.58000000",
        "qty": "0.00648000",
        "quoteQty": "306.53367840",
        "time": 1629986872894,
        "isBuyerMaker": false,
        "isBestMatch": true
    },
    {
        "id": 226281001,
        "price": "47303.81000000",
        "qty": "0.00060000",
        "quoteQty": "28.38228600",
        "time": 1629986873643,
        "isBuyerMaker": false,
        "isBestMatch": true
    },
    {
        "id": 226281002,
        "price": "47301.47000000",
        "qty": "0.64000000",
        "quoteQty": "30272.94080000",
        "time": 1629986873707,
        "isBuyerMaker": true,
        "isBestMatch": true
    },
    {
        "id": 226281003,
        "price": "47299.41000000",
        "qty": "0.01057000",
        "quoteQty": "499.95476370",
        "time": 1629986873713,
        "isBuyerMaker": true,
        "isBestMatch": true
    },
    {
        "id": 226281004,
        "price": "47299.40000000",
        "qty": "0.06713000",
        "quoteQty": "3175.20872200",
        "time": 1629986873713,
        "isBuyerMaker": true,
        "isBestMatch": true
    },
    {
        "id": 226281005,
        "price": "47297.01000000",
        "qty": "0.05400000",
        "quoteQty": "2554.03854000",
        "time": 1629986873718,
        "isBuyerMaker": true,
        "isBestMatch": true
    },
    {
        "id": 226281006,
        "price": "47297.01000000",
        "qty": "0.04800000",
        "quoteQty": "2270.25648000",
        "time": 1629986873721,
        "isBuyerMaker": true,
        "isBestMatch": true
    },
    {
        "id": 226281007,
        "price": "47296.96000000",
        "qty": "1.94144000",
        "quoteQty": "91824.21002240",
        "time": 1629986873730,
        "isBuyerMaker": true,
        "isBestMatch": true
    },
    {
        "id": 226281008,
        "price": "47296.96000000",
        "qty": "0.12000000",
        "quoteQty": "5675.63520000",
        "time": 1629986873732,
        "isBuyerMaker": true,
        "isBestMatch": true
    },
    {
        "id": 226281009,
        "price": "47296.96000000",
        "qty": "0.06300000",
        "quoteQty": "2979.70848000",
        "time": 1629986873733,
        "isBuyerMaker": true,
        "isBestMatch": true
    },
    {
        "id": 226281010,
        "price": "47296.96000000",
        "qty": "0.05811000",
        "quoteQty": "2748.42634560",
        "time": 1629986873736,
        "isBuyerMaker": true,
        "isBestMatch": true
    },
    {
        "id": 226281011,
        "price": "47289.40000000",
        "qty": "0.02000000",
        "quoteQty": "945.78800000",
        "time": 1629986873770,
        "isBuyerMaker": true,
        "isBestMatch": true
    },
    {
        "id": 226281012,
        "price": "47287.77000000",
        "qty": "0.04147000",
        "quoteQty": "1961.02382190",
        "time": 1629986873770,
        "isBuyerMaker": true,
        "isBestMatch": true
    },
    {
        "id": 226281013,
        "price": "47284.30000000",
        "qty": "0.00253000",
        "quoteQty": "119.62927900",
        "time": 1629986873770,
        "isBuyerMaker": true,
        "isBestMatch": true
    },
    {
        "id": 226281014,
        "price": "47284.31000000",
        "qty": "0.00350000",
        "quoteQty": "165.49508500",
        "time": 1629986873777,
        "isBuyerMaker": false,
        "isBestMatch": true
    },
    {
        "id": 226281015,
        "price": "47284.31000000",
        "qty": "0.00166000",
        "quoteQty": "78.49195460",
        "time": 1629986873797,
        "isBuyerMaker": false,
        "isBestMatch": true
    },
    {
        "id": 226281016,
        "price": "47284.31000000",
        "qty": "0.02522000",
        "quoteQty": "1192.51029820",
        "time": 1629986873916,
        "isBuyerMaker": false,
        "isBestMatch": true
    },
    {
        "id": 226281017,
        "price": "47284.30000000",
        "qty": "0.00295000",
        "quoteQty": "139.48868500",
        "time": 1629986874594,
        "isBuyerMaker": true,
        "isBestMatch": true
    },
    {
        "id": 226281018,
        "price": "47284.32000000",
        "qty": "0.00605000",
        "quoteQty": "286.07013600",
        "time": 1629986874646,
        "isBuyerMaker": false,
        "isBestMatch": true
    },
    {
        "id": 226281019,
        "price": "47281.90000000",
        "qty": "0.00045000",
        "quoteQty": "21.27685500",
        "time": 1629986874899,
        "isBuyerMaker": false,
        "isBestMatch": true
    },
    {
        "id": 226281020,
        "price": "47280.82000000",
        "qty": "0.00042000",
        "quoteQty": "19.85794440",
        "time": 1629986874949,
        "isBuyerMaker": false,
        "isBestMatch": true
    },
    {
        "id": 226281021,
        "price": "47280.82000000",
        "qty": "0.00486000",
        "quoteQty": "229.78478520",
        "time": 1629986874949,
        "isBuyerMaker": false,
        "isBestMatch": true
    },
    {
        "id": 226281022,
        "price": "47280.82000000",
        "qty": "0.00041000",
        "quoteQty": "19.38513620",
        "time": 1629986874951,
        "isBuyerMaker": false,
        "isBestMatch": true
    },
    {
        "id": 226281023,
        "price": "47280.82000000",
        "qty": "0.02339000",
        "quoteQty": "1105.89837980",
        "time": 1629986874996,
        "isBuyerMaker": false,
        "isBestMatch": true
    },
    {
        "id": 226281024,
        "price": "47280.82000000",
        "qty": "0.00042000",
        "quoteQty": "19.85794440",
        "time": 1629986875025,
        "isBuyerMaker": false,
        "isBestMatch": true
    },
    {
        "id": 226281025,
        "price": "47280.81000000",
        "qty": "0.00042000",
        "quoteQty": "19.85794020",
        "time": 1629986875210,
        "isBuyerMaker": true,
        "isBestMatch": true
    },
    {
        "id": 226281026,
        "price": "47277.98000000",
        "qty": "0.04680000",
        "quoteQty": "2212.60946400",
        "time": 1629986875297,
        "isBuyerMaker": false,
        "isBestMatch": true
    },
    {
        "id": 226281027,
        "price": "47277.62000000",
        "qty": "0.04155000",
        "quoteQty": "1964.38511100",
        "time": 1629986875401,
        "isBuyerMaker": false,
        "isBestMatch": true
    },
    {
        "id": 226281028,
        "price": "47277.57000000",
        "qty": "0.00042000",
        "quoteQty": "19.85657940",
        "time": 1629986876546,
        "isBuyerMaker": false,
        "isBestMatch": true
    },
    {
        "id": 226281029,
        "price": "47276.96000000",
        "qty": "0.01009000",
        "quoteQty": "477.02452640",
        "time": 1629986876798,
        "isBuyerMaker": false,
        "isBestMatch": true
    },
    {
        "id": 226281030,
        "price": "47277.56000000",
        "qty": "0.02420000",
        "quoteQty": "1144.11695200",
        "time": 1629986877634,
        "isBuyerMaker": true,
        "isBestMatch": true
    },
    {
        "id": 226281031,
        "price": "47279.56000000",
        "qty": "0.00040000",
        "quoteQty": "18.91182400",
        "time": 1629986879287,
        "isBuyerMaker": true,
        "isBestMatch": true
    },
    {
        "id": 226281032,
        "price": "47277.56000000",
        "qty": "0.00041000",
        "quoteQty": "19.38379960",
        "time": 1629986879795,
        "isBuyerMaker": true,
        "isBestMatch": true
    },
    {
        "id": 226281033,
        "price": "47277.56000000",
        "qty": "0.00001000",
        "quoteQty": "0.47277560",
        "time": 1629986880144,
        "isBuyerMaker": true,
        "isBestMatch": true
    },
    {
        "id": 226281034,
        "price": "47274.73000000",
        "qty": "0.00021000",
        "quoteQty": "9.92769330",
        "time": 1629986880401,
        "isBuyerMaker": false,
        "isBestMatch": true
    },
    {
        "id": 226281035,
        "price": "47271.47000000",
        "qty": "0.09999000",
        "quoteQty": "4726.67428530",
        "time": 1629986881010,
        "isBuyerMaker": false,
        "isBestMatch": true
    },
    {
        "id": 226281036,
        "price": "47271.47000000",
        "qty": "0.00001000",
        "quoteQty": "0.47271470",
        "time": 1629986881053,
        "isBuyerMaker": false,
        "isBestMatch": true
    },
    {
        "id": 226281037,
        "price": "47271.47000000",
        "qty": "0.03736000",
        "quoteQty": "1766.06211920",
        "time": 1629986881053,
        "isBuyerMaker": false,
        "isBestMatch": true
    },
    {
        "id": 226281038,
        "price": "47271.47000000",
        "qty": "0.18181000",
        "quoteQty": "8594.42596070",
        "time": 1629986881300,
        "isBuyerMaker": false,
        "isBestMatch": true
    },
    {
        "id": 226281039,
        "price": "47271.47000000",
        "qty": "0.01677000",
        "quoteQty": "792.74255190",
        "time": 1629986881351,
        "isBuyerMaker": false,
        "isBestMatch": true
    },
    {
        "id": 226281040,
        "price": "47271.47000000",
        "qty": "0.00883000",
        "quoteQty": "417.40708010",
        "time": 1629986881351,
        "isBuyerMaker": false,
        "isBestMatch": true
    },
    {
        "id": 226281041,
        "price": "47272.89000000",
        "qty": "0.01572000",
        "quoteQty": "743.12983080",
        "time": 1629986881351,
        "isBuyerMaker": false,
        "isBestMatch": true
    },
    {
        "id": 226281042,
        "price": "47274.41000000",
        "qty": "0.01198000",
        "quoteQty": "566.34743180",
        "time": 1629986881351,
        "isBuyerMaker": false,
        "isBestMatch": true
    },
    {
        "id": 226281043,
        "price": "47274.41000000",
        "qty": "0.02115000",
        "quoteQty": "999.85377150",
        "time": 1629986881351,
        "isBuyerMaker": false,
        "isBestMatch": true
    },
    {
        "id": 226281044,
        "price": "47274.73000000",
        "qty": "0.01129000",
        "quoteQty": "533.73170170",
        "time": 1629986881351,
        "isBuyerMaker": false,
        "isBestMatch": true
    },
    {
        "id": 226281045,
        "price": "47274.73000000",
        "qty": "0.00555000",
        "quoteQty": "262.37475150",
        "time": 1629986881351,
        "isBuyerMaker": false,
        "isBestMatch": true
    },
    {
        "id": 226281046,
        "price": "47275.18000000",
        "qty": "0.10900000",
        "quoteQty": "5152.99462000",
        "time": 1629986881351,
        "isBuyerMaker": false,
        "isBestMatch": true
    },
    {
        "id": 226281047,
        "price": "47271.47000000",
        "qty": "0.01102000",
        "quoteQty": "520.93159940",
        "time": 1629986881398,
        "isBuyerMaker": false,
        "isBestMatch": true
    },
    {
        "id": 226281048,
        "price": "47273.14000000",
        "qty": "0.00121000",
        "quoteQty": "57.20049940",
        "time": 1629986881914,
        "isBuyerMaker": false,
        "isBestMatch": true
    },
    {
        "id": 226281049,
        "price": "47273.14000000",
        "qty": "0.00879000",
        "quoteQty": "415.53090060",
        "time": 1629986883066,
        "isBuyerMaker": false,
        "isBestMatch": true
    },
    {
        "id": 226281050,
        "price": "47273.47000000",
        "qty": "0.00042000",
        "quoteQty": "19.85485740",
        "time": 1629986883066,
        "isBuyerMaker": false,
        "isBestMatch": true
    },
    {
        "id": 226281051,
        "price": "47274.45000000",
        "qty": "0.02156000",
        "quoteQty": "1019.23714200",
        "time": 1629986883066,
        "isBuyerMaker": false,
        "isBestMatch": true
    },
    {
        "id": 226281052,
        "price": "47276.81000000",
        "qty": "0.01575000",
        "quoteQty": "744.60975750",
        "time": 1629986883195,
        "isBuyerMaker": true,
        "isBestMatch": true
    },
    {
        "id": 226281053,
        "price": "47277.61000000",
        "qty": "0.00646000",
        "quoteQty": "305.41336060",
        "time": 1629986883741,
        "isBuyerMaker": true,
        "isBestMatch": true
    },
    {
        "id": 226281054,
        "price": "47277.61000000",
        "qty": "0.00633000",
        "quoteQty": "299.26727130",
        "time": 1629986883806,
        "isBuyerMaker": true,
        "isBestMatch": true
    },
    {
        "id": 226281055,
        "price": "47281.27000000",
        "qty": "0.20594000",
        "quoteQty": "9737.10474380",
        "time": 1629986884354,
        "isBuyerMaker": false,
        "isBestMatch": true
    },
    {
        "id": 226281056,
        "price": "47283.63000000",
        "qty": "0.07800000",
        "quoteQty": "3688.12314000",
        "time": 1629986884397,
        "isBuyerMaker": false,
        "isBestMatch": true
    },
    {
        "id": 226281057,
        "price": "47284.72000000",
        "qty": "0.01022000",
        "quoteQty": "483.24983840",
        "time": 1629986884397,
        "isBuyerMaker": false,
        "isBestMatch": true
    },
    {
        "id": 226281058,
        "price": "47284.79000000",
        "qty": "0.01092000",
        "quoteQty": "516.34990680",
        "time": 1629986884397,
        "isBuyerMaker": false,
        "isBestMatch": true
    },
    {
        "id": 226281059,
        "price": "47284.22000000",
        "qty": "0.20768000",
        "quoteQty": "9819.98680960",
        "time": 1629986884555,
        "isBuyerMaker": false,
        "isBestMatch": true
    },
    {
        "id": 226281060,
        "price": "47284.57000000",
        "qty": "0.00658000",
        "quoteQty": "311.13247060",
        "time": 1629986884658,
        "isBuyerMaker": false,
        "isBestMatch": true
    },
    {
        "id": 226281061,
        "price": "47284.45000000",
        "qty": "0.18761000",
        "quoteQty": "8871.03566450",
        "time": 1629986884751,
        "isBuyerMaker": false,
        "isBestMatch": true
    },
    {
        "id": 226281062,
        "price": "47283.07000000",
        "qty": "0.00041000",
        "quoteQty": "19.38605870",
        "time": 1629986884904,
        "isBuyerMaker": false,
        "isBestMatch": true
    },
    {
        "id": 226281063,
        "price": "47283.06000000",
        "qty": "0.00042000",
        "quoteQty": "19.85888520",
        "time": 1629986885147,
        "isBuyerMaker": true,
        "isBestMatch": true
    },
    {
        "id": 226281064,
        "price": "47283.06000000",
        "qty": "0.00940000",
        "quoteQty": "444.46076400",
        "time": 1629986885147,
        "isBuyerMaker": true,
        "isBestMatch": true
    },
    {
        "id": 226281065,
        "price": "47283.06000000",
        "qty": "0.00048000",
        "quoteQty": "22.69586880",
        "time": 1629986885299,
        "isBuyerMaker": true,
        "isBestMatch": true
    },
    {
        "id": 226281066,
        "price": "47283.07000000",
        "qty": "0.00001000",
        "quoteQty": "0.47283070",
        "time": 1629986885932,
        "isBuyerMaker": false,
        "isBestMatch": true
    },
    {
        "id": 226281067,
        "price": "47285.14000000",
        "qty": "0.03014000",
        "quoteQty": "1425.17411960",
        "time": 1629986885956,
        "isBuyerMaker": false,
        "isBestMatch": true
    },
    {
        "id": 226281068,
        "price": "47285.14000000",
        "qty": "0.02235000",
        "quoteQty": "1056.82287900",
        "time": 1629986886002,
        "isBuyerMaker": false,
        "isBestMatch": true
    },
    {
        "id": 226281069,
        "price": "47285.58000000",
        "qty": "0.00083000",
        "quoteQty": "39.24703140",
        "time": 1629986886306,
        "isBuyerMaker": false,
        "isBestMatch": true
    },
    {
        "id": 226281070,
        "price": "47285.58000000",
        "qty": "0.00001000",
        "quoteQty": "0.47285580",
        "time": 1629986886328,
        "isBuyerMaker": false,
        "isBestMatch": true
    },
    {
        "id": 226281071,
        "price": "47289.00000000",
        "qty": "0.00554000",
        "quoteQty": "261.98106000",
        "time": 1629986886328,
        "isBuyerMaker": false,
        "isBestMatch": true
    },
    {
        "id": 226281072,
        "price": "47289.00000000",
        "qty": "0.00001000",
        "quoteQty": "0.47289000",
        "time": 1629986887984,
        "isBuyerMaker": false,
        "isBestMatch": true
    },
    {
        "id": 226281073,
        "price": "47289.00000000",
        "qty": "0.00059000",
        "quoteQty": "27.90051000",
        "time": 1629986887984,
        "isBuyerMaker": false,
        "isBestMatch": true
    },
    {
        "id": 226281074,
        "price": "47291.00000000",
        "qty": "0.00042000",
        "quoteQty": "19.86222000",
        "time": 1629986889024,
        "isBuyerMaker": false,
        "isBestMatch": true
    },
    {
        "id": 226281075,
        "price": "47292.37000000",
        "qty": "0.04758000",
        "quoteQty": "2250.17096460",
        "time": 1629986889024,
        "isBuyerMaker": false,
        "isBestMatch": true
    },
    {
        "id": 226281076,
        "price": "47292.37000000",
        "qty": "0.00761000",
        "quoteQty": "359.89493570",
        "time": 1629986889034,
        "isBuyerMaker": false,
        "isBestMatch": true
    },
    {
        "id": 226281077,
        "price": "47292.36000000",
        "qty": "0.02485000",
        "quoteQty": "1175.21514600",
        "time": 1629986889095,
        "isBuyerMaker": true,
        "isBestMatch": true
    },
    {
        "id": 226281078,
        "price": "47292.37000000",
        "qty": "0.04758000",
        "quoteQty": "2250.17096460",
        "time": 1629986889109,
        "isBuyerMaker": false,
        "isBestMatch": true
    },
    {
        "id": 226281079,
        "price": "47297.10000000",
        "qty": "0.00100000",
        "quoteQty": "47.29710000",
        "time": 1629986889147,
        "isBuyerMaker": true,
        "isBestMatch": true
    },
    {
        "id": 226281080,
        "price": "47300.31000000",
        "qty": "0.00156000",
        "quoteQty": "73.78848360",
        "time": 1629986889172,
        "isBuyerMaker": true,
        "isBestMatch": true
    },
    {
        "id": 226281081,
        "price": "47300.32000000",
        "qty": "0.05250000",
        "quoteQty": "2483.26680000",
        "time": 1629986889195,
        "isBuyerMaker": false,
        "isBestMatch": true
    },
    {
        "id": 226281082,
        "price": "47300.33000000",
        "qty": "0.01050000",
        "quoteQty": "496.65346500",
        "time": 1629986889195,
        "isBuyerMaker": false,
        "isBestMatch": true
    },
    {
        "id": 226281083,
        "price": "47300.31000000",
        "qty": "0.03000000",
        "quoteQty": "1419.00930000",
        "time": 1629986889197,
        "isBuyerMaker": true,
        "isBestMatch": true
    },
    {
        "id": 226281084,
        "price": "47300.33000000",
        "qty": "0.03097000",
        "quoteQty": "1464.89122010",
        "time": 1629986889200,
        "isBuyerMaker": false,
        "isBestMatch": true
    },
    {
        "id": 226281085,
        "price": "47300.70000000",
        "qty": "0.00003000",
        "quoteQty": "1.41902100",
        "time": 1629986889200,
        "isBuyerMaker": false,
        "isBestMatch": true
    },
    {
        "id": 226281086,
        "price": "47300.70000000",
        "qty": "0.04047000",
        "quoteQty": "1914.25932900",
        "time": 1629986889201,
        "isBuyerMaker": false,
        "isBestMatch": true
    },
    {
        "id": 226281087,
        "price": "47303.79000000",
        "qty": "0.01057000",
        "quoteQty": "500.00106030",
        "time": 1629986889201,
        "isBuyerMaker": false,
        "isBestMatch": true
    },
    {
        "id": 226281088,
        "price": "47304.85000000",
        "qty": "0.00438000",
        "quoteQty": "207.19524300",
        "time": 1629986889201,
        "isBuyerMaker": false,
        "isBestMatch": true
    },
    {
        "id": 226281089,
        "price": "47304.99000000",
        "qty": "0.00858000",
        "quoteQty": "405.87681420",
        "time": 1629986889201,
        "isBuyerMaker": false,
        "isBestMatch": true
    },
    {
        "id": 226281090,
        "price": "47304.99000000",
        "qty": "0.00772000",
        "quoteQty": "365.19452280",
        "time": 1629986889251,
        "isBuyerMaker": false,
        "isBestMatch": true
    },
    {
        "id": 226281091,
        "price": "47305.00000000",
        "qty": "0.04215000",
        "quoteQty": "1993.90575000",
        "time": 1629986889251,
        "isBuyerMaker": false,
        "isBestMatch": true
    },
    {
        "id": 226281092,
        "price": "47305.75000000",
        "qty": "0.01313000",
        "quoteQty": "621.12449750",
        "time": 1629986889251,
        "isBuyerMaker": false,
        "isBestMatch": true
    },
    {
        "id": 226281093,
        "price": "47305.75000000",
        "qty": "0.00931000",
        "quoteQty": "440.41653250",
        "time": 1629986889252,
        "isBuyerMaker": false,
        "isBestMatch": true
    },
    {
        "id": 226281094,
        "price": "47307.37000000",
        "qty": "0.02000000",
        "quoteQty": "946.14740000",
        "time": 1629986889252,
        "isBuyerMaker": false,
        "isBestMatch": true
    },
    {
        "id": 226281095,
        "price": "47309.69000000",
        "qty": "0.00169000",
        "quoteQty": "79.95337610",
        "time": 1629986889252,
        "isBuyerMaker": false,
        "isBestMatch": true
    },
    {
        "id": 226281096,
        "price": "47304.98000000",
        "qty": "0.21918000",
        "quoteQty": "10368.30551640",
        "time": 1629986889257,
        "isBuyerMaker": true,
        "isBestMatch": true
    },
    {
        "id": 226281097,
        "price": "47307.35000000",
        "qty": "0.15112000",
        "quoteQty": "7149.08673200",
        "time": 1629986889305,
        "isBuyerMaker": true,
        "isBestMatch": true
    },
    {
        "id": 226281098,
        "price": "47307.36000000",
        "qty": "0.00273000",
        "quoteQty": "129.14909280",
        "time": 1629986889359,
        "isBuyerMaker": true,
        "isBestMatch": true
    },
    {
        "id": 226281099,
        "price": "47307.36000000",
        "qty": "0.00136000",
        "quoteQty": "64.33800960",
        "time": 1629986889408,
        "isBuyerMaker": true,
        "isBestMatch": true
    },
    {
        "id": 226281100,
        "price": "47307.53000000",
        "qty": "0.00337000",
        "quoteQty": "159.42637610",
        "time": 1629986889491,
        "isBuyerMaker": true,
        "isBestMatch": true
    },
    {
        "id": 226281101,
        "price": "47309.90000000",
        "qty": "0.01118000",
        "quoteQty": "528.92468200",
        "time": 1629986889583,
        "isBuyerMaker": true,
        "isBestMatch": true
    },
    {
        "id": 226281102,
        "price": "47309.90000000",
        "qty": "0.01153000",
        "quoteQty": "545.48314700",
        "time": 1629986889775,
        "isBuyerMaker": true,
        "isBestMatch": true
    },
    {
        "id": 226281103,
        "price": "47311.50000000",
        "qty": "0.00080000",
        "quoteQty": "37.84920000",
        "time": 1629986890050,
        "isBuyerMaker": false,
        "isBestMatch": true
    },
    {
        "id": 226281104,
        "price": "47308.58000000",
        "qty": "0.06000000",
        "quoteQty": "2838.51480000",
        "time": 1629986890341,
        "isBuyerMaker": true,
        "isBestMatch": true
    },
    {
        "id": 226281105,
        "price": "47305.00000000",
        "qty": "0.01089000",
        "quoteQty": "515.15145000",
        "time": 1629986890514,
        "isBuyerMaker": true,
        "isBestMatch": true
    },
    {
        "id": 226281106,
        "price": "47305.01000000",
        "qty": "0.00338000",
        "quoteQty": "159.89093380",
        "time": 1629986890546,
        "isBuyerMaker": false,
        "isBestMatch": true
    },
    {
        "id": 226281107,
        "price": "47302.69000000",
        "qty": "0.01057000",
        "quoteQty": "499.98943330",
        "time": 1629986890890,
        "isBuyerMaker": true,
        "isBestMatch": true
    },
    {
        "id": 226281108,
        "price": "47295.24000000",
        "qty": "0.02000000",
        "quoteQty": "945.90480000",
        "time": 1629986890897,
        "isBuyerMaker": true,
        "isBestMatch": true
    },
    {
        "id": 226281109,
        "price": "47292.39000000",
        "qty": "0.03240000",
        "quoteQty": "1532.27343600",
        "time": 1629986890897,
        "isBuyerMaker": true,
        "isBestMatch": true
    },
    {
        "id": 226281110,
        "price": "47298.77000000",
        "qty": "0.04097000",
        "quoteQty": "1937.83060690",
        "time": 1629986891084,
        "isBuyerMaker": false,
        "isBestMatch": true
    },
    {
        "id": 226281111,
        "price": "47298.77000000",
        "qty": "0.02246000",
        "quoteQty": "1062.33037420",
        "time": 1629986891085,
        "isBuyerMaker": false,
        "isBestMatch": true
    },
    {
        "id": 226281112,
        "price": "47298.77000000",
        "qty": "0.01852000",
        "quoteQty": "875.97322040",
        "time": 1629986891085,
        "isBuyerMaker": false,
        "isBestMatch": true
    },
    {
        "id": 226281113,
        "price": "47298.77000000",
        "qty": "0.00262000",
        "quoteQty": "123.92277740",
        "time": 1629986891086,
        "isBuyerMaker": false,
        "isBestMatch": true
    },
    {
        "id": 226281114,
        "price": "47299.17000000",
        "qty": "0.00100000",
        "quoteQty": "47.29917000",
        "time": 1629986891086,
        "isBuyerMaker": false,
        "isBestMatch": true
    },
    {
        "id": 226281115,
        "price": "47299.18000000",
        "qty": "0.03736000",
        "quoteQty": "1767.09736480",
        "time": 1629986891086,
        "isBuyerMaker": false,
        "isBestMatch": true
    },
    {
        "id": 226281116,
        "price": "47292.66000000",
        "qty": "0.00040000",
        "quoteQty": "18.91706400",
        "time": 1629986891194,
        "isBuyerMaker": true,
        "isBestMatch": true
    },
    {
        "id": 226281117,
        "price": "47294.69000000",
        "qty": "0.04478000",
        "quoteQty": "2117.85621820",
        "time": 1629986891369,
        "isBuyerMaker": false,
        "isBestMatch": true
    },
    {
        "id": 226281118,
        "price": "47294.69000000",
        "qty": "0.00516000",
        "quoteQty": "244.04060040",
        "time": 1629986891399,
        "isBuyerMaker": false,
        "isBestMatch": true
    },
    {
        "id": 226281119,
        "price": "47297.36000000",
        "qty": "0.01318000",
        "quoteQty": "623.37920480",
        "time": 1629986891445,
        "isBuyerMaker": false,
        "isBestMatch": true
    },
    {
        "id": 226281120,
        "price": "47300.69000000",
        "qty": "0.00042000",
        "quoteQty": "19.86628980",
        "time": 1629986891813,
        "isBuyerMaker": false,
        "isBestMatch": true
    },
    {
        "id": 226281121,
        "price": "47302.70000000",
        "qty": "0.00415000",
        "quoteQty": "196.30620500",
        "time": 1629986891813,
        "isBuyerMaker": false,
        "isBestMatch": true
    },
    {
        "id": 226281122,
        "price": "47299.41000000",
        "qty": "0.00676000",
        "quoteQty": "319.74401160",
        "time": 1629986891876,
        "isBuyerMaker": true,
        "isBestMatch": true
    },
    {
        "id": 226281123,
        "price": "47301.93000000",
        "qty": "0.14388000",
        "quoteQty": "6805.80168840",
        "time": 1629986892000,
        "isBuyerMaker": true,
        "isBestMatch": true
    },
    {
        "id": 226281124,
        "price": "47302.69000000",
        "qty": "0.00291000",
        "quoteQty": "137.65082790",
        "time": 1629986893245,
        "isBuyerMaker": true,
        "isBestMatch": true
    },
    {
        "id": 226281125,
        "price": "47302.69000000",
        "qty": "0.00195000",
        "quoteQty": "92.24024550",
        "time": 1629986893364,
        "isBuyerMaker": true,
        "isBestMatch": true
    },
    {
        "id": 226281126,
        "price": "47302.70000000",
        "qty": "0.00042000",
        "quoteQty": "19.86713400",
        "time": 1629986893726,
        "isBuyerMaker": false,
        "isBestMatch": true
    },
    {
        "id": 226281127,
        "price": "47302.69000000",
        "qty": "0.00049000",
        "quoteQty": "23.17831810",
        "time": 1629986896245,
        "isBuyerMaker": true,
        "isBestMatch": true
    },
    {
        "id": 226281128,
        "price": "47302.69000000",
        "qty": "0.00060000",
        "quoteQty": "28.38161400",
        "time": 1629986896843,
        "isBuyerMaker": true,
        "isBestMatch": true
    },
    {
        "id": 226281129,
        "price": "47302.70000000",
        "qty": "0.00037000",
        "quoteQty": "17.50199900",
        "time": 1629986896890,
        "isBuyerMaker": false,
        "isBestMatch": true
    },
    {
        "id": 226281130,
        "price": "47302.70000000",
        "qty": "0.00562000",
        "quoteQty": "265.84117400",
        "time": 1629986897196,
        "isBuyerMaker": false,
        "isBestMatch": true
    },
    {
        "id": 226281131,
        "price": "47302.70000000",
        "qty": "0.00001000",
        "quoteQty": "0.47302700",
        "time": 1629986897687,
        "isBuyerMaker": false,
        "isBestMatch": true
    },
    {
        "id": 226281132,
        "price": "47305.00000000",
        "qty": "0.00101000",
        "quoteQty": "47.77805000",
        "time": 1629986897687,
        "isBuyerMaker": false,
        "isBestMatch": true
    },
    {
        "id": 226281133,
        "price": "47304.99000000",
        "qty": "0.00766000",
        "quoteQty": "362.35622340",
        "time": 1629986897949,
        "isBuyerMaker": true,
        "isBestMatch": true
    },
    {
        "id": 226281134,
        "price": "47305.00000000",
        "qty": "0.00211000",
        "quoteQty": "99.81355000",
        "time": 1629986898111,
        "isBuyerMaker": false,
        "isBestMatch": true
    },
    {
        "id": 226281135,
        "price": "47305.00000000",
        "qty": "0.04225000",
        "quoteQty": "1998.63625000",
        "time": 1629986898341,
        "isBuyerMaker": false,
        "isBestMatch": true
    },
    {
        "id": 226281136,
        "price": "47304.99000000",
        "qty": "0.00518000",
        "quoteQty": "245.03984820",
        "time": 1629986899289,
        "isBuyerMaker": true,
        "isBestMatch": true
    },
    {
        "id": 226281137,
        "price": "47305.00000000",
        "qty": "0.00001000",
        "quoteQty": "0.47305000",
        "time": 1629986899312,
        "isBuyerMaker": false,
        "isBestMatch": true
    },
    {
        "id": 226281138,
        "price": "47305.00000000",
        "qty": "0.00473000",
        "quoteQty": "223.75265000",
        "time": 1629986899312,
        "isBuyerMaker": false,
        "isBestMatch": true
    },
    {
        "id": 226281139,
        "price": "47304.99000000",
        "qty": "0.00025000",
        "quoteQty": "11.82624750",
        "time": 1629986899673,
        "isBuyerMaker": true,
        "isBestMatch": true
    },
    {
        "id": 226281140,
        "price": "47304.99000000",
        "qty": "0.02706000",
        "quoteQty": "1280.07302940",
        "time": 1629986900501,
        "isBuyerMaker": true,
        "isBestMatch": true
    },
    {
        "id": 226281141,
        "price": "47304.99000000",
        "qty": "0.00042000",
        "quoteQty": "19.86809580",
        "time": 1629986900501,
        "isBuyerMaker": true,
        "isBestMatch": true
    },
    {
        "id": 226281142,
        "price": "47304.99000000",
        "qty": "0.01791000",
        "quoteQty": "847.23237090",
        "time": 1629986900501,
        "isBuyerMaker": true,
        "isBestMatch": true
    },
    {
        "id": 226281143,
        "price": "47302.70000000",
        "qty": "0.01056000",
        "quoteQty": "499.51651200",
        "time": 1629986901093,
        "isBuyerMaker": true,
        "isBestMatch": true
    },
    {
        "id": 226281144,
        "price": "47302.70000000",
        "qty": "0.00001000",
        "quoteQty": "0.47302700",
        "time": 1629986901393,
        "isBuyerMaker": true,
        "isBestMatch": true
    },
    {
        "id": 226281145,
        "price": "47302.70000000",
        "qty": "0.00041000",
        "quoteQty": "19.39410700",
        "time": 1629986901393,
        "isBuyerMaker": true,
        "isBestMatch": true
    },
    {
        "id": 226281146,
        "price": "47302.70000000",
        "qty": "0.00001000",
        "quoteQty": "0.47302700",
        "time": 1629986902229,
        "isBuyerMaker": true,
        "isBestMatch": true
    },
    {
        "id": 226281147,
        "price": "47296.84000000",
        "qty": "0.00286000",
        "quoteQty": "135.26896240",
        "time": 1629986902838,
        "isBuyerMaker": false,
        "isBestMatch": true
    },
    {
        "id": 226281148,
        "price": "47297.94000000",
        "qty": "0.05468000",
        "quoteQty": "2586.25135920",
        "time": 1629986902989,
        "isBuyerMaker": true,
        "isBestMatch": true
    },
    {
        "id": 226281149,
        "price": "47299.32000000",
        "qty": "0.00021000",
        "quoteQty": "9.93285720",
        "time": 1629986903145,
        "isBuyerMaker": false,
        "isBestMatch": true
    },
    {
        "id": 226281150,
        "price": "47299.32000000",
        "qty": "0.01057000",
        "quoteQty": "499.95381240",
        "time": 1629986903145,
        "isBuyerMaker": false,
        "isBestMatch": true
    },
    {
        "id": 226281151,
        "price": "47302.09000000",
        "qty": "0.01911000",
        "quoteQty": "903.94293990",
        "time": 1629986903145,
        "isBuyerMaker": false,
        "isBestMatch": true
    },
    {
        "id": 226281152,
        "price": "47299.52000000",
        "qty": "0.04180000",
        "quoteQty": "1977.11993600",
        "time": 1629986903196,
        "isBuyerMaker": true,
        "isBestMatch": true
    },
    {
        "id": 226281153,
        "price": "47299.39000000",
        "qty": "0.00060000",
        "quoteQty": "28.37963400",
        "time": 1629986903723,
        "isBuyerMaker": true,
        "isBestMatch": true
    },
    {
        "id": 226281154,
        "price": "47299.39000000",
        "qty": "0.00060000",
        "quoteQty": "28.37963400",
        "time": 1629986903742,
        "isBuyerMaker": true,
        "isBestMatch": true
    },
    {
        "id": 226281155,
        "price": "47299.40000000",
        "qty": "0.04346000",
        "quoteQty": "2055.63192400",
        "time": 1629986903840,
        "isBuyerMaker": false,
        "isBestMatch": true
    },
    {
        "id": 226281156,
        "price": "47299.40000000",
        "qty": "0.00517000",
        "quoteQty": "244.53789800",
        "time": 1629986903876,
        "isBuyerMaker": false,
        "isBestMatch": true
    },
    {
        "id": 226281157,
        "price": "47303.47000000",
        "qty": "0.02310000",
        "quoteQty": "1092.71015700",
        "time": 1629986904100,
        "isBuyerMaker": true,
        "isBestMatch": true
    },
    {
        "id": 226281158,
        "price": "47303.20000000",
        "qty": "0.00116000",
        "quoteQty": "54.87171200",
        "time": 1629986904801,
        "isBuyerMaker": false,
        "isBestMatch": true
    },
    {
        "id": 226281159,
        "price": "47304.96000000",
        "qty": "0.00021000",
        "quoteQty": "9.93404160",
        "time": 1629986905903,
        "isBuyerMaker": true,
        "isBestMatch": true
    },
    {
        "id": 226281160,
        "price": "47304.96000000",
        "qty": "0.00038000",
        "quoteQty": "17.97588480",
        "time": 1629986906586,
        "isBuyerMaker": true,
        "isBestMatch": true
    },
    {
        "id": 226281161,
        "price": "47304.97000000",
        "qty": "0.05250000",
        "quoteQty": "2483.51092500",
        "time": 1629986906631,
        "isBuyerMaker": false,
        "isBestMatch": true
    },
    {
        "id": 226281162,
        "price": "47304.97000000",
        "qty": "0.00557000",
        "quoteQty": "263.48868290",
        "time": 1629986906631,
        "isBuyerMaker": false,
        "isBestMatch": true
    },
    {
        "id": 226281163,
        "price": "47304.96000000",
        "qty": "0.00084000",
        "quoteQty": "39.73616640",
        "time": 1629986907107,
        "isBuyerMaker": true,
        "isBestMatch": true
    },
    {
        "id": 226281164,
        "price": "47304.96000000",
        "qty": "0.00635000",
        "quoteQty": "300.38649600",
        "time": 1629986907390,
        "isBuyerMaker": true,
        "isBestMatch": true
    },
    {
        "id": 226281165,
        "price": "47304.97000000",
        "qty": "0.00042000",
        "quoteQty": "19.86808740",
        "time": 1629986907488,
        "isBuyerMaker": false,
        "isBestMatch": true
    },
    {
        "id": 226281166,
        "price": "47303.19000000",
        "qty": "0.00042000",
        "quoteQty": "19.86733980",
        "time": 1629986907563,
        "isBuyerMaker": true,
        "isBestMatch": true
    },
    {
        "id": 226281167,
        "price": "47302.70000000",
        "qty": "0.00049000",
        "quoteQty": "23.17832300",
        "time": 1629986907748,
        "isBuyerMaker": true,
        "isBestMatch": true
    },
    {
        "id": 226281168,
        "price": "47302.71000000",
        "qty": "0.00422000",
        "quoteQty": "199.61743620",
        "time": 1629986908341,
        "isBuyerMaker": false,
        "isBestMatch": true
    },
    {
        "id": 226281169,
        "price": "47302.71000000",
        "qty": "0.00123000",
        "quoteQty": "58.18233330",
        "time": 1629986908650,
        "isBuyerMaker": false,
        "isBestMatch": true
    },
    {
        "id": 226281170,
        "price": "47302.70000000",
        "qty": "0.08074000",
        "quoteQty": "3819.21999800",
        "time": 1629986909008,
        "isBuyerMaker": true,
        "isBestMatch": true
    },
    {
        "id": 226281171,
        "price": "47302.70000000",
        "qty": "0.00042000",
        "quoteQty": "19.86713400",
        "time": 1629986909008,
        "isBuyerMaker": true,
        "isBestMatch": true
    },
    {
        "id": 226281172,
        "price": "47302.70000000",
        "qty": "0.04568000",
        "quoteQty": "2160.78733600",
        "time": 1629986909008,
        "isBuyerMaker": true,
        "isBestMatch": true
    },
    {
        "id": 226281173,
        "price": "47302.70000000",
        "qty": "0.00511000",
        "quoteQty": "241.71679700",
        "time": 1629986909054,
        "isBuyerMaker": true,
        "isBestMatch": true
    },
    {
        "id": 226281174,
        "price": "47302.66000000",
        "qty": "0.00121000",
        "quoteQty": "57.23621860",
        "time": 1629986910050,
        "isBuyerMaker": true,
        "isBestMatch": true
    },
    {
        "id": 226281175,
        "price": "47302.66000000",
        "qty": "0.01470000",
        "quoteQty": "695.34910200",
        "time": 1629986910050,
        "isBuyerMaker": true,
        "isBestMatch": true
    },
    {
        "id": 226281176,
        "price": "47301.84000000",
        "qty": "0.01264000",
        "quoteQty": "597.89525760",
        "time": 1629986910171,
        "isBuyerMaker": false,
        "isBestMatch": true
    },
    {
        "id": 226281177,
        "price": "47302.67000000",
        "qty": "0.00318000",
        "quoteQty": "150.42249060",
        "time": 1629986910171,
        "isBuyerMaker": false,
        "isBestMatch": true
    },
    {
        "id": 226281178,
        "price": "47301.69000000",
        "qty": "0.00841000",
        "quoteQty": "397.80721290",
        "time": 1629986910299,
        "isBuyerMaker": true,
        "isBestMatch": true
    },
    {
        "id": 226281179,
        "price": "47303.24000000",
        "qty": "0.00063000",
        "quoteQty": "29.80104120",
        "time": 1629986910544,
        "isBuyerMaker": false,
        "isBestMatch": true
    },
    {
        "id": 226281180,
        "price": "47303.23000000",
        "qty": "0.00033000",
        "quoteQty": "15.61006590",
        "time": 1629986910892,
        "isBuyerMaker": true,
        "isBestMatch": true
    },
    {
        "id": 226281181,
        "price": "47303.24000000",
        "qty": "0.00029000",
        "quoteQty": "13.71793960",
        "time": 1629986911036,
        "isBuyerMaker": false,
        "isBestMatch": true
    },
    {
        "id": 226281182,
        "price": "47303.23000000",
        "qty": "0.04630000",
        "quoteQty": "2190.13954900",
        "time": 1629986911039,
        "isBuyerMaker": true,
        "isBestMatch": true
    },
    {
        "id": 226281183,
        "price": "47303.24000000",
        "qty": "0.00042000",
        "quoteQty": "19.86736080",
        "time": 1629986911143,
        "isBuyerMaker": false,
        "isBestMatch": true
    },
    {
        "id": 226281184,
        "price": "47303.23000000",
        "qty": "0.00042000",
        "quoteQty": "19.86735660",
        "time": 1629986911341,
        "isBuyerMaker": true,
        "isBestMatch": true
    },
    {
        "id": 226281185,
        "price": "47303.23000000",
        "qty": "0.00389000",
        "quoteQty": "184.00956470",
        "time": 1629986911341,
        "isBuyerMaker": true,
        "isBestMatch": true
    },
    {
        "id": 226281186,
        "price": "47303.23000000",
        "qty": "0.08568000",
        "quoteQty": "4052.94074640",
        "time": 1629986911395,
        "isBuyerMaker": true,
        "isBestMatch": true
    },
    {
        "id": 226281187,
        "price": "47302.60000000",
        "qty": "0.04651000",
        "quoteQty": "2200.04392600",
        "time": 1629986911599,
        "isBuyerMaker": true,
        "isBestMatch": true
    },
    {
        "id": 226281188,
        "price": "47300.24000000",
        "qty": "0.00045000",
        "quoteQty": "21.28510800",
        "time": 1629986912092,
        "isBuyerMaker": false,
        "isBestMatch": true
    },
    {
        "id": 226281189,
        "price": "47302.43000000",
        "qty": "0.00344000",
        "quoteQty": "162.72035920",
        "time": 1629986912945,
        "isBuyerMaker": false,
        "isBestMatch": true
    },
    {
        "id": 226281190,
        "price": "47303.23000000",
        "qty": "0.00292000",
        "quoteQty": "138.12543160",
        "time": 1629986913072,
        "isBuyerMaker": true,
        "isBestMatch": true
    },
    {
        "id": 226281191,
        "price": "47300.24000000",
        "qty": "0.00528000",
        "quoteQty": "249.74526720",
        "time": 1629986915206,
        "isBuyerMaker": false,
        "isBestMatch": true
    },
    {
        "id": 226281192,
        "price": "47300.23000000",
        "qty": "0.00653000",
        "quoteQty": "308.87050190",
        "time": 1629986915641,
        "isBuyerMaker": true,
        "isBestMatch": true
    },
    {
        "id": 226281193,
        "price": "47300.23000000",
        "qty": "0.01458000",
        "quoteQty": "689.63735340",
        "time": 1629986915695,
        "isBuyerMaker": true,
        "isBestMatch": true
    },
    {
        "id": 226281194,
        "price": "47300.23000000",
        "qty": "0.12688000",
        "quoteQty": "6001.45318240",
        "time": 1629986916891,
        "isBuyerMaker": true,
        "isBestMatch": true
    },
    {
        "id": 226281195,
        "price": "47300.23000000",
        "qty": "0.00042000",
        "quoteQty": "19.86609660",
        "time": 1629986916891,
        "isBuyerMaker": true,
        "isBestMatch": true
    },
    {
        "id": 226281196,
        "price": "47300.23000000",
        "qty": "0.00061000",
        "quoteQty": "28.85314030",
        "time": 1629986916891,
        "isBuyerMaker": true,
        "isBestMatch": true
    },
    {
        "id": 226281197,
        "price": "47300.00000000",
        "qty": "0.00045000",
        "quoteQty": "21.28500000",
        "time": 1629986917568,
        "isBuyerMaker": true,
        "isBestMatch": true
    },
    {
        "id": 226281198,
        "price": "47300.00000000",
        "qty": "0.02370000",
        "quoteQty": "1121.01000000",
        "time": 1629986917568,
        "isBuyerMaker": true,
        "isBestMatch": true
    },
    {
        "id": 226281199,
        "price": "47299.32000000",
        "qty": "0.01057000",
        "quoteQty": "499.95381240",
        "time": 1629986917606,
        "isBuyerMaker": true,
        "isBestMatch": true
    },
    {
        "id": 226281200,
        "price": "47296.92000000",
        "qty": "0.00784000",
        "quoteQty": "370.80785280",
        "time": 1629986917690,
        "isBuyerMaker": false,
        "isBestMatch": true
    },
    {
        "id": 226281201,
        "price": "47296.92000000",
        "qty": "0.05206000",
        "quoteQty": "2462.27765520",
        "time": 1629986917738,
        "isBuyerMaker": false,
        "isBestMatch": true
    },
    {
        "id": 226281202,
        "price": "47296.92000000",
        "qty": "0.00050000",
        "quoteQty": "23.64846000",
        "time": 1629986917787,
        "isBuyerMaker": false,
        "isBestMatch": true
    },
    {
        "id": 226281203,
        "price": "47296.41000000",
        "qty": "0.00250000",
        "quoteQty": "118.24102500",
        "time": 1629986918045,
        "isBuyerMaker": true,
        "isBestMatch": true
    },
    {
        "id": 226281204,
        "price": "47296.41000000",
        "qty": "0.00332000",
        "quoteQty": "157.02408120",
        "time": 1629986918095,
        "isBuyerMaker": true,
        "isBestMatch": true
    },
    {
        "id": 226281205,
        "price": "47296.92000000",
        "qty": "0.01056000",
        "quoteQty": "499.45547520",
        "time": 1629986918552,
        "isBuyerMaker": false,
        "isBestMatch": true
    },
    {
        "id": 226281206,
        "price": "47296.91000000",
        "qty": "0.00102000",
        "quoteQty": "48.24284820",
        "time": 1629986921176,
        "isBuyerMaker": true,
        "isBestMatch": true
    },
    {
        "id": 226281207,
        "price": "47296.92000000",
        "qty": "0.00001000",
        "quoteQty": "0.47296920",
        "time": 1629986921243,
        "isBuyerMaker": false,
        "isBestMatch": true
    },
    {
        "id": 226281208,
        "price": "47296.92000000",
        "qty": "0.00041000",
        "quoteQty": "19.39173720",
        "time": 1629986921243,
        "isBuyerMaker": false,
        "isBestMatch": true
    },
    {
        "id": 226281209,
        "price": "47296.92000000",
        "qty": "0.00001000",
        "quoteQty": "0.47296920",
        "time": 1629986922008,
        "isBuyerMaker": false,
        "isBestMatch": true
    },
    {
        "id": 226281210,
        "price": "47296.93000000",
        "qty": "0.01816000",
        "quoteQty": "858.91224880",
        "time": 1629986922008,
        "isBuyerMaker": false,
        "isBestMatch": true
    },
    {
        "id": 226281211,
        "price": "47300.00000000",
        "qty": "0.00027000",
        "quoteQty": "12.77100000",
        "time": 1629986922008,
        "isBuyerMaker": false,
        "isBestMatch": true
    },
    {
        "id": 226281212,
        "price": "47302.39000000",
        "qty": "0.00103000",
        "quoteQty": "48.72146170",
        "time": 1629986922746,
        "isBuyerMaker": false,
        "isBestMatch": true
    },
    {
        "id": 226281213,
        "price": "47302.39000000",
        "qty": "0.00596000",
        "quoteQty": "281.92224440",
        "time": 1629986922789,
        "isBuyerMaker": false,
        "isBestMatch": true
    },
    {
        "id": 226281214,
        "price": "47302.38000000",
        "qty": "0.00504000",
        "quoteQty": "238.40399520",
        "time": 1629986922821,
        "isBuyerMaker": true,
        "isBestMatch": true
    },
    {
        "id": 226281215,
        "price": "47302.38000000",
        "qty": "0.01082000",
        "quoteQty": "511.81175160",
        "time": 1629986922822,
        "isBuyerMaker": true,
        "isBestMatch": true
    },
    {
        "id": 226281216,
        "price": "47302.38000000",
        "qty": "0.01581000",
        "quoteQty": "747.85062780",
        "time": 1629986922822,
        "isBuyerMaker": true,
        "isBestMatch": true
    },
    {
        "id": 226281217,
        "price": "47300.01000000",
        "qty": "0.01270000",
        "quoteQty": "600.71012700",
        "time": 1629986922994,
        "isBuyerMaker": false,
        "isBestMatch": true
    },
    {
        "id": 226281218,
        "price": "47300.00000000",
        "qty": "0.05173000",
        "quoteQty": "2446.82900000",
        "time": 1629986923010,
        "isBuyerMaker": true,
        "isBestMatch": true
    },
    {
        "id": 226281219,
        "price": "47300.13000000",
        "qty": "0.02374000",
        "quoteQty": "1122.90508620",
        "time": 1629986925344,
        "isBuyerMaker": true,
        "isBestMatch": true
    },
    {
        "id": 226281220,
        "price": "47300.13000000",
        "qty": "0.15667000",
        "quoteQty": "7410.51136710",
        "time": 1629986925344,
        "isBuyerMaker": true,
        "isBestMatch": true
    },
    {
        "id": 226281221,
        "price": "47302.27000000",
        "qty": "0.09425000",
        "quoteQty": "4458.23894750",
        "time": 1629986925392,
        "isBuyerMaker": true,
        "isBestMatch": true
    },
    {
        "id": 226281222,
        "price": "47302.38000000",
        "qty": "0.00042000",
        "quoteQty": "19.86699960",
        "time": 1629986925591,
        "isBuyerMaker": false,
        "isBestMatch": true
    },
    {
        "id": 226281223,
        "price": "47302.67000000",
        "qty": "0.00022000",
        "quoteQty": "10.40658740",
        "time": 1629986925591,
        "isBuyerMaker": false,
        "isBestMatch": true
    },
    {
        "id": 226281224,
        "price": "47304.12000000",
        "qty": "0.00039000",
        "quoteQty": "18.44860680",
        "time": 1629986925591,
        "isBuyerMaker": false,
        "isBestMatch": true
    },
    {
        "id": 226281225,
        "price": "47302.37000000",
        "qty": "0.00116000",
        "quoteQty": "54.87074920",
        "time": 1629986925638,
        "isBuyerMaker": true,
        "isBestMatch": true
    },
    {
        "id": 226281226,
        "price": "47301.01000000",
        "qty": "0.06825000",
        "quoteQty": "3228.29393250",
        "time": 1629986927022,
        "isBuyerMaker": true,
        "isBestMatch": true
    },
    {
        "id": 226281227,
        "price": "47301.23000000",
        "qty": "0.01057000",
        "quoteQty": "499.97400110",
        "time": 1629986927789,
        "isBuyerMaker": true,
        "isBestMatch": true
    },
    {
        "id": 226281228,
        "price": "47301.24000000",
        "qty": "0.20666000",
        "quoteQty": "9775.27425840",
        "time": 1629986927843,
        "isBuyerMaker": false,
        "isBestMatch": true
    },
    {
        "id": 226281229,
        "price": "47303.60000000",
        "qty": "0.00061000",
        "quoteQty": "28.85519600",
        "time": 1629986928090,
        "isBuyerMaker": true,
        "isBestMatch": true
    },
    {
        "id": 226281230,
        "price": "47304.33000000",
        "qty": "0.04605000",
        "quoteQty": "2178.36439650",
        "time": 1629986928797,
        "isBuyerMaker": true,
        "isBestMatch": true
    },
    {
        "id": 226281231,
        "price": "47301.19000000",
        "qty": "0.00061000",
        "quoteQty": "28.85372590",
        "time": 1629986928855,
        "isBuyerMaker": true,
        "isBestMatch": true
    },
    {
        "id": 226281232,
        "price": "47300.00000000",
        "qty": "0.09145000",
        "quoteQty": "4325.58500000",
        "time": 1629986928893,
        "isBuyerMaker": true,
        "isBestMatch": true
    },
    {
        "id": 226281233,
        "price": "47300.75000000",
        "qty": "0.00899000",
        "quoteQty": "425.23374250",
        "time": 1629986928944,
        "isBuyerMaker": false,
        "isBestMatch": true
    },
    {
        "id": 226281234,
        "price": "47303.70000000",
        "qty": "0.00033000",
        "quoteQty": "15.61022100",
        "time": 1629986929092,
        "isBuyerMaker": false,
        "isBestMatch": true
    },
    {
        "id": 226281235,
        "price": "47303.70000000",
        "qty": "0.02312000",
        "quoteQty": "1093.66154400",
        "time": 1629986929116,
        "isBuyerMaker": false,
        "isBestMatch": true
    },
    {
        "id": 226281236,
        "price": "47303.70000000",
        "qty": "0.02311000",
        "quoteQty": "1093.18850700",
        "time": 1629986929119,
        "isBuyerMaker": false,
        "isBestMatch": true
    },
    {
        "id": 226281237,
        "price": "47303.70000000",
        "qty": "0.02311000",
        "quoteQty": "1093.18850700",
        "time": 1629986929122,
        "isBuyerMaker": false,
        "isBestMatch": true
    },
    {
        "id": 226281238,
        "price": "47300.67000000",
        "qty": "0.00973000",
        "quoteQty": "460.23551910",
        "time": 1629986929793,
        "isBuyerMaker": true,
        "isBestMatch": true
    },
    {
        "id": 226281239,
        "price": "47304.65000000",
        "qty": "0.00042000",
        "quoteQty": "19.86795300",
        "time": 1629986930097,
        "isBuyerMaker": false,
        "isBestMatch": true
    },
    {
        "id": 226281240,
        "price": "47304.64000000",
        "qty": "0.00152000",
        "quoteQty": "71.90305280",
        "time": 1629986930098,
        "isBuyerMaker": true,
        "isBestMatch": true
    },
    {
        "id": 226281241,
        "price": "47304.64000000",
        "qty": "0.04406000",
        "quoteQty": "2084.24243840",
        "time": 1629986930229,
        "isBuyerMaker": true,
        "isBestMatch": true
    },
    {
        "id": 226281242,
        "price": "47304.99000000",
        "qty": "0.00227000",
        "quoteQty": "107.38232730",
        "time": 1629986930433,
        "isBuyerMaker": false,
        "isBestMatch": true
    },
    {
        "id": 226281243,
        "price": "47304.99000000",
        "qty": "0.01075000",
        "quoteQty": "508.52864250",
        "time": 1629986930834,
        "isBuyerMaker": false,
        "isBestMatch": true
    },
    {
        "id": 226281244,
        "price": "47304.99000000",
        "qty": "0.00031000",
        "quoteQty": "14.66454690",
        "time": 1629986931454,
        "isBuyerMaker": false,
        "isBestMatch": true
    },
    {
        "id": 226281245,
        "price": "47304.46000000",
        "qty": "0.00422000",
        "quoteQty": "199.62482120",
        "time": 1629986932136,
        "isBuyerMaker": true,
        "isBestMatch": true
    },
    {
        "id": 226281246,
        "price": "47304.47000000",
        "qty": "0.00072000",
        "quoteQty": "34.05921840",
        "time": 1629986932575,
        "isBuyerMaker": false,
        "isBestMatch": true
    },
    {
        "id": 226281247,
        "price": "47304.47000000",
        "qty": "0.00072000",
        "quoteQty": "34.05921840",
        "time": 1629986932591,
        "isBuyerMaker": false,
        "isBestMatch": true
    },
    {
        "id": 226281248,
        "price": "47304.99000000",
        "qty": "0.08667000",
        "quoteQty": "4099.92348330",
        "time": 1629986934093,
        "isBuyerMaker": false,
        "isBestMatch": true
    },
    {
        "id": 226281249,
        "price": "47309.00000000",
        "qty": "0.00661000",
        "quoteQty": "312.71249000",
        "time": 1629986934311,
        "isBuyerMaker": false,
        "isBestMatch": true
    },
    {
        "id": 226281250,
        "price": "47309.00000000",
        "qty": "0.00041000",
        "quoteQty": "19.39669000",
        "time": 1629986934454,
        "isBuyerMaker": false,
        "isBestMatch": true
    },
    {
        "id": 226281251,
        "price": "47309.00000000",
        "qty": "0.00001000",
        "quoteQty": "0.47309000",
        "time": 1629986934466,
        "isBuyerMaker": false,
        "isBestMatch": true
    },
    {
        "id": 226281252,
        "price": "47310.00000000",
        "qty": "0.03398000",
        "quoteQty": "1607.59380000",
        "time": 1629986934466,
        "isBuyerMaker": false,
        "isBestMatch": true
    },
    {
        "id": 226281253,
        "price": "47310.00000000",
        "qty": "0.00001000",
        "quoteQty": "0.47310000",
        "time": 1629986936286,
        "isBuyerMaker": false,
        "isBestMatch": true
    },
    {
        "id": 226281254,
        "price": "47310.00000000",
        "qty": "0.00203000",
        "quoteQty": "96.03930000",
        "time": 1629986936286,
        "isBuyerMaker": false,
        "isBestMatch": true
    },
    {
        "id": 226281255,
        "price": "47310.00000000",
        "qty": "0.00943000",
        "quoteQty": "446.13330000",
        "time": 1629986936297,
        "isBuyerMaker": false,
        "isBestMatch": true
    },
    {
        "id": 226281256,
        "price": "47310.00000000",
        "qty": "0.00042000",
        "quoteQty": "19.87020000",
        "time": 1629986936473,
        "isBuyerMaker": false,
        "isBestMatch": true
    },
    {
        "id": 226281257,
        "price": "47310.00000000",
        "qty": "0.01405000",
        "quoteQty": "664.70550000",
        "time": 1629986936937,
        "isBuyerMaker": false,
        "isBestMatch": true
    },
    {
        "id": 226281258,
        "price": "47310.00000000",
        "qty": "0.00004000",
        "quoteQty": "1.89240000",
        "time": 1629986937695,
        "isBuyerMaker": false,
        "isBestMatch": true
    },
    {
        "id": 226281259,
        "price": "47310.00000000",
        "qty": "0.00041000",
        "quoteQty": "19.39710000",
        "time": 1629986937695,
        "isBuyerMaker": false,
        "isBestMatch": true
    },
    {
        "id": 226281260,
        "price": "47310.00000000",
        "qty": "0.00001000",
        "quoteQty": "0.47310000",
        "time": 1629986938241,
        "isBuyerMaker": false,
        "isBestMatch": true
    },
    {
        "id": 226281261,
        "price": "47313.00000000",
        "qty": "0.00253000",
        "quoteQty": "119.70189000",
        "time": 1629986938241,
        "isBuyerMaker": false,
        "isBestMatch": true
    },
    {
        "id": 226281262,
        "price": "47313.00000000",
        "qty": "0.01566000",
        "quoteQty": "740.92158000",
        "time": 1629986938447,
        "isBuyerMaker": false,
        "isBestMatch": true
    },
    {
        "id": 226281263,
        "price": "47312.99000000",
        "qty": "0.00699000",
        "quoteQty": "330.71780010",
        "time": 1629986938541,
        "isBuyerMaker": true,
        "isBestMatch": true
    },
    {
        "id": 226281264,
        "price": "47313.00000000",
        "qty": "0.00043000",
        "quoteQty": "20.34459000",
        "time": 1629986938548,
        "isBuyerMaker": false,
        "isBestMatch": true
    },
    {
        "id": 226281265,
        "price": "47312.99000000",
        "qty": "0.00122000",
        "quoteQty": "57.72184780",
        "time": 1629986938593,
        "isBuyerMaker": true,
        "isBestMatch": true
    },
    {
        "id": 226281266,
        "price": "47313.00000000",
        "qty": "0.00042000",
        "quoteQty": "19.87146000",
        "time": 1629986939103,
        "isBuyerMaker": false,
        "isBestMatch": true
    },
    {
        "id": 226281267,
        "price": "47312.99000000",
        "qty": "0.00042000",
        "quoteQty": "19.87145580",
        "time": 1629986941551,
        "isBuyerMaker": true,
        "isBestMatch": true
    },
    {
        "id": 226281268,
        "price": "47313.00000000",
        "qty": "0.07802000",
        "quoteQty": "3691.36026000",
        "time": 1629986942092,
        "isBuyerMaker": false,
        "isBestMatch": true
    },
    {
        "id": 226281269,
        "price": "47313.00000000",
        "qty": "0.11424000",
        "quoteQty": "5405.03712000",
        "time": 1629986943137,
        "isBuyerMaker": false,
        "isBestMatch": true
    },
    {
        "id": 226281270,
        "price": "47313.00000000",
        "qty": "0.00042000",
        "quoteQty": "19.87146000",
        "time": 1629986943137,
        "isBuyerMaker": false,
        "isBestMatch": true
    },
    {
        "id": 226281271,
        "price": "47313.28000000",
        "qty": "0.29660000",
        "quoteQty": "14033.11884800",
        "time": 1629986943147,
        "isBuyerMaker": false,
        "isBestMatch": true
    },
    {
        "id": 226281272,
        "price": "47313.27000000",
        "qty": "0.02209000",
        "quoteQty": "1045.15013430",
        "time": 1629986943249,
        "isBuyerMaker": true,
        "isBestMatch": true
    },
    {
        "id": 226281273,
        "price": "47313.28000000",
        "qty": "0.00592000",
        "quoteQty": "280.09461760",
        "time": 1629986943326,
        "isBuyerMaker": false,
        "isBestMatch": true
    },
    {
        "id": 226281274,
        "price": "47313.28000000",
        "qty": "0.00466000",
        "quoteQty": "220.47988480",
        "time": 1629986943442,
        "isBuyerMaker": false,
        "isBestMatch": true
    },
    {
        "id": 226281275,
        "price": "47313.28000000",
        "qty": "0.17060000",
        "quoteQty": "8071.64556800",
        "time": 1629986944280,
        "isBuyerMaker": false,
        "isBestMatch": true
    },
    {
        "id": 226281276,
        "price": "47315.00000000",
        "qty": "0.00533000",
        "quoteQty": "252.18895000",
        "time": 1629986944343,
        "isBuyerMaker": false,
        "isBestMatch": true
    },
    {
        "id": 226281277,
        "price": "47315.00000000",
        "qty": "0.00212000",
        "quoteQty": "100.30780000",
        "time": 1629986944397,
        "isBuyerMaker": false,
        "isBestMatch": true
    },
    {
        "id": 226281278,
        "price": "47314.99000000",
        "qty": "0.00865000",
        "quoteQty": "409.27466350",
        "time": 1629986946011,
        "isBuyerMaker": true,
        "isBestMatch": true
    },
    {
        "id": 226281279,
        "price": "47315.00000000",
        "qty": "0.00001000",
        "quoteQty": "0.47315000",
        "time": 1629986946217,
        "isBuyerMaker": false,
        "isBestMatch": true
    },
    {
        "id": 226281280,
        "price": "47316.32000000",
        "qty": "0.00033000",
        "quoteQty": "15.61438560",
        "time": 1629986946217,
        "isBuyerMaker": false,
        "isBestMatch": true
    },
    {
        "id": 226281281,
        "price": "47316.35000000",
        "qty": "0.00547000",
        "quoteQty": "258.82043450",
        "time": 1629986946217,
        "isBuyerMaker": false,
        "isBestMatch": true
    },
    {
        "id": 226281282,
        "price": "47317.28000000",
        "qty": "0.00042000",
        "quoteQty": "19.87325760",
        "time": 1629986946876,
        "isBuyerMaker": false,
        "isBestMatch": true
    },
    {
        "id": 226281283,
        "price": "47317.28000000",
        "qty": "0.00289000",
        "quoteQty": "136.74693920",
        "time": 1629986946876,
        "isBuyerMaker": false,
        "isBestMatch": true
    },
    {
        "id": 226281284,
        "price": "47317.35000000",
        "qty": "0.00397000",
        "quoteQty": "187.84987950",
        "time": 1629986947958,
        "isBuyerMaker": false,
        "isBestMatch": true
    },
    {
        "id": 226281285,
        "price": "47317.35000000",
        "qty": "0.00151000",
        "quoteQty": "71.44919850",
        "time": 1629986948741,
        "isBuyerMaker": false,
        "isBestMatch": true
    },
    {
        "id": 226281286,
        "price": "47317.34000000",
        "qty": "0.00041000",
        "quoteQty": "19.40010940",
        "time": 1629986949197,
        "isBuyerMaker": true,
        "isBestMatch": true
    },
    {
        "id": 226281287,
        "price": "47317.99000000",
        "qty": "0.02469000",
        "quoteQty": "1168.28117310",
        "time": 1629986949395,
        "isBuyerMaker": true,
        "isBestMatch": true
    },
    {
        "id": 226281288,
        "price": "47317.86000000",
        "qty": "0.04782000",
        "quoteQty": "2262.74006520",
        "time": 1629986950466,
        "isBuyerMaker": false,
        "isBestMatch": true
    },
    {
        "id": 226281289,
        "price": "47318.00000000",
        "qty": "0.18807000",
        "quoteQty": "8899.09626000",
        "time": 1629986950466,
        "isBuyerMaker": false,
        "isBestMatch": true
    },
    {
        "id": 226281290,
        "price": "47318.00000000",
        "qty": "0.02767000",
        "quoteQty": "1309.28906000",
        "time": 1629986950466,
        "isBuyerMaker": false,
        "isBestMatch": true
    },
    {
        "id": 226281291,
        "price": "47320.73000000",
        "qty": "0.00207000",
        "quoteQty": "97.95391110",
        "time": 1629986950554,
        "isBuyerMaker": true,
        "isBestMatch": true
    },
    {
        "id": 226281292,
        "price": "47320.74000000",
        "qty": "0.01209000",
        "quoteQty": "572.10774660",
        "time": 1629986951013,
        "isBuyerMaker": false,
        "isBestMatch": true
    },
    {
        "id": 226281293,
        "price": "47320.74000000",
        "qty": "0.00030000",
        "quoteQty": "14.19622200",
        "time": 1629986951317,
        "isBuyerMaker": false,
        "isBestMatch": true
    },
    {
        "id": 226281294,
        "price": "47320.74000000",
        "qty": "0.00054000",
        "quoteQty": "25.55319960",
        "time": 1629986951510,
        "isBuyerMaker": false,
        "isBestMatch": true
    },
    {
        "id": 226281295,
        "price": "47320.73000000",
        "qty": "0.02669000",
        "quoteQty": "1262.99028370",
        "time": 1629986951709,
        "isBuyerMaker": true,
        "isBestMatch": true
    },
    {
        "id": 226281296,
        "price": "47320.73000000",
        "qty": "0.00042000",
        "quoteQty": "19.87470660",
        "time": 1629986951709,
        "isBuyerMaker": true,
        "isBestMatch": true
    },
    {
        "id": 226281297,
        "price": "47318.95000000",
        "qty": "0.05146000",
        "quoteQty": "2435.03316700",
        "time": 1629986951709,
        "isBuyerMaker": true,
        "isBestMatch": true
    },
    {
        "id": 226281298,
        "price": "47318.19000000",
        "qty": "0.00115000",
        "quoteQty": "54.41591850",
        "time": 1629986952293,
        "isBuyerMaker": false,
        "isBestMatch": true
    },
    {
        "id": 226281299,
        "price": "47317.15000000",
        "qty": "0.00037000",
        "quoteQty": "17.50734550",
        "time": 1629986953710,
        "isBuyerMaker": false,
        "isBestMatch": true
    },
    {
        "id": 226281300,
        "price": "47317.15000000",
        "qty": "0.00021000",
        "quoteQty": "9.93660150",
        "time": 1629986953773,
        "isBuyerMaker": false,
        "isBestMatch": true
    },
    {
        "id": 226281301,
        "price": "47317.15000000",
        "qty": "0.07742000",
        "quoteQty": "3663.29375300",
        "time": 1629986953803,
        "isBuyerMaker": false,
        "isBestMatch": true
    },
    {
        "id": 226281302,
        "price": "47320.74000000",
        "qty": "0.00020000",
        "quoteQty": "9.46414800",
        "time": 1629986953803,
        "isBuyerMaker": false,
        "isBestMatch": true
    },
    {
        "id": 226281303,
        "price": "47320.63000000",
        "qty": "0.04714000",
        "quoteQty": "2230.69449820",
        "time": 1629986954799,
        "isBuyerMaker": false,
        "isBestMatch": true
    },
    {
        "id": 226281304,
        "price": "47320.63000000",
        "qty": "0.00001000",
        "quoteQty": "0.47320630",
        "time": 1629986954945,
        "isBuyerMaker": false,
        "isBestMatch": true
    },
    {
        "id": 226281305,
        "price": "47320.63000000",
        "qty": "0.02787000",
        "quoteQty": "1318.82595810",
        "time": 1629986954945,
        "isBuyerMaker": false,
        "isBestMatch": true
    },
    {
        "id": 226281306,
        "price": "47320.74000000",
        "qty": "0.20206000",
        "quoteQty": "9561.62872440",
        "time": 1629986955196,
        "isBuyerMaker": false,
        "isBestMatch": true
    },
    {
        "id": 226281307,
        "price": "47320.74000000",
        "qty": "0.03985000",
        "quoteQty": "1885.73148900",
        "time": 1629986955254,
        "isBuyerMaker": false,
        "isBestMatch": true
    },
    {
        "id": 226281308,
        "price": "47320.74000000",
        "qty": "0.00436000",
        "quoteQty": "206.31842640",
        "time": 1629986955305,
        "isBuyerMaker": false,
        "isBestMatch": true
    },
    {
        "id": 226281309,
        "price": "47320.74000000",
        "qty": "0.01690000",
        "quoteQty": "799.72050600",
        "time": 1629986955342,
        "isBuyerMaker": false,
        "isBestMatch": true
    },
    {
        "id": 226281310,
        "price": "47320.74000000",
        "qty": "0.02459000",
        "quoteQty": "1163.61699660",
        "time": 1629986955459,
        "isBuyerMaker": false,
        "isBestMatch": true
    },
    {
        "id": 226281311,
        "price": "47320.74000000",
        "qty": "0.04800000",
        "quoteQty": "2271.39552000",
        "time": 1629986955459,
        "isBuyerMaker": false,
        "isBestMatch": true
    },
    {
        "id": 226281312,
        "price": "47320.74000000",
        "qty": "0.04700000",
        "quoteQty": "2224.07478000",
        "time": 1629986955502,
        "isBuyerMaker": false,
        "isBestMatch": true
    },
    {
        "id": 226281313,
        "price": "47320.74000000",
        "qty": "0.01348000",
        "quoteQty": "637.88357520",
        "time": 1629986955506,
        "isBuyerMaker": false,
        "isBestMatch": true
    },
    {
        "id": 226281314,
        "price": "47320.74000000",
        "qty": "0.42164000",
        "quoteQty": "19952.31681360",
        "time": 1629986955510,
        "isBuyerMaker": false,
        "isBestMatch": true
    },
    {
        "id": 226281315,
        "price": "47320.74000000",
        "qty": "0.39874000",
        "quoteQty": "18868.67186760",
        "time": 1629986955541,
        "isBuyerMaker": false,
        "isBestMatch": true
    },
    {
        "id": 226281316,
        "price": "47322.61000000",
        "qty": "0.00042000",
        "quoteQty": "19.87549620",
        "time": 1629986955541,
        "isBuyerMaker": false,
        "isBestMatch": true
    },
    {
        "id": 226281317,
        "price": "47324.54000000",
        "qty": "0.02492000",
        "quoteQty": "1179.32753680",
        "time": 1629986955550,
        "isBuyerMaker": false,
        "isBestMatch": true
    },
    {
        "id": 226281318,
        "price": "47326.38000000",
        "qty": "0.47518000",
        "quoteQty": "22488.54924840",
        "time": 1629986955550,
        "isBuyerMaker": false,
        "isBestMatch": true
    },
    {
        "id": 226281319,
        "price": "47329.99000000",
        "qty": "0.00663000",
        "quoteQty": "313.79783370",
        "time": 1629986955653,
        "isBuyerMaker": true,
        "isBestMatch": true
    },
    {
        "id": 226281320,
        "price": "47329.99000000",
        "qty": "0.00100000",
        "quoteQty": "47.32999000",
        "time": 1629986955706,
        "isBuyerMaker": true,
        "isBestMatch": true
    },
    {
        "id": 226281321,
        "price": "47329.99000000",
        "qty": "0.00746000",
        "quoteQty": "353.08172540",
        "time": 1629986955803,
        "isBuyerMaker": true,
        "isBestMatch": true
    },
    {
        "id": 226281322,
        "price": "47330.00000000",
        "qty": "0.08501000",
        "quoteQty": "4023.52330000",
        "time": 1629986956136,
        "isBuyerMaker": false,
        "isBestMatch": true
    },
    {
        "id": 226281323,
        "price": "47330.00000000",
        "qty": "0.03200000",
        "quoteQty": "1514.56000000",
        "time": 1629986956147,
        "isBuyerMaker": false,
        "isBestMatch": true
    },
    {
        "id": 226281324,
        "price": "47330.00000000",
        "qty": "0.09433000",
        "quoteQty": "4464.63890000",
        "time": 1629986956150,
        "isBuyerMaker": false,
        "isBestMatch": true
    },
    {
        "id": 226281325,
        "price": "47330.34000000",
        "qty": "0.00215000",
        "quoteQty": "101.76023100",
        "time": 1629986956150,
        "isBuyerMaker": false,
        "isBestMatch": true
    },
    {
        "id": 226281326,
        "price": "47330.72000000",
        "qty": "0.38972000",
        "quoteQty": "18445.72819840",
        "time": 1629986956150,
        "isBuyerMaker": false,
        "isBestMatch": true
    },
    {
        "id": 226281327,
        "price": "47330.72000000",
        "qty": "0.06603000",
        "quoteQty": "3125.24744160",
        "time": 1629986956154,
        "isBuyerMaker": false,
        "isBestMatch": true
    },
    {
        "id": 226281328,
        "price": "47330.72000000",
        "qty": "0.28441000",
        "quoteQty": "13461.33007520",
        "time": 1629986956154,
        "isBuyerMaker": false,
        "isBestMatch": true
    },
    {
        "id": 226281329,
        "price": "47330.72000000",
        "qty": "0.17439000",
        "quoteQty": "8254.00426080",
        "time": 1629986956155,
        "isBuyerMaker": false,
        "isBestMatch": true
    },
    {
        "id": 226281330,
        "price": "47330.72000000",
        "qty": "0.02800000",
        "quoteQty": "1325.26016000",
        "time": 1629986956173,
        "isBuyerMaker": false,
        "isBestMatch": true
    },
    {
        "id": 226281331,
        "price": "47330.72000000",
        "qty": "0.00400000",
        "quoteQty": "189.32288000",
        "time": 1629986956287,
        "isBuyerMaker": false,
        "isBestMatch": true
    },
    {
        "id": 226281332,
        "price": "47330.72000000",
        "qty": "0.02300000",
        "quoteQty": "1088.60656000",
        "time": 1629986956288,
        "isBuyerMaker": false,
        "isBestMatch": true
    },
    {
        "id": 226281333,
        "price": "47330.72000000",
        "qty": "0.03045000",
        "quoteQty": "1441.22042400",
        "time": 1629986956294,
        "isBuyerMaker": false,
        "isBestMatch": true
    },
    {
        "id": 226281334,
        "price": "47330.94000000",
        "qty": "0.00214000",
        "quoteQty": "101.28821160",
        "time": 1629986956294,
        "isBuyerMaker": false,
        "isBestMatch": true
    },
    {
        "id": 226281335,
        "price": "47331.04000000",
        "qty": "0.00041000",
        "quoteQty": "19.40572640",
        "time": 1629986956294,
        "isBuyerMaker": false,
        "isBestMatch": true
    },
    {
        "id": 226281336,
        "price": "47331.04000000",
        "qty": "0.03245000",
        "quoteQty": "1535.89224800",
        "time": 1629986956301,
        "isBuyerMaker": false,
        "isBestMatch": true
    },
    {
        "id": 226281337,
        "price": "47332.36000000",
        "qty": "0.00213000",
        "quoteQty": "100.81792680",
        "time": 1629986956318,
        "isBuyerMaker": false,
        "isBestMatch": true
    },
    {
        "id": 226281338,
        "price": "47332.85000000",
        "qty": "0.00087000",
        "quoteQty": "41.17957950",
        "time": 1629986956318,
        "isBuyerMaker": false,
        "isBestMatch": true
    },
    {
        "id": 226281339,
        "price": "47332.85000000",
        "qty": "0.01900000",
        "quoteQty": "899.32415000",
        "time": 1629986956381,
        "isBuyerMaker": false,
        "isBestMatch": true
    },
    {
        "id": 226281340,
        "price": "47332.85000000",
        "qty": "0.00500000",
        "quoteQty": "236.66425000",
        "time": 1629986956463,
        "isBuyerMaker": false,
        "isBestMatch": true
    },
    {
        "id": 226281341,
        "price": "47332.85000000",
        "qty": "0.00334000",
        "quoteQty": "158.09171900",
        "time": 1629986956808,
        "isBuyerMaker": false,
        "isBestMatch": true
    },
    {
        "id": 226281342,
        "price": "47333.00000000",
        "qty": "0.16713000",
        "quoteQty": "7910.76429000",
        "time": 1629986956808,
        "isBuyerMaker": false,
        "isBestMatch": true
    },
    {
        "id": 226281343,
        "price": "47333.00000000",
        "qty": "0.05400000",
        "quoteQty": "2555.98200000",
        "time": 1629986956809,
        "isBuyerMaker": false,
        "isBestMatch": true
    },
    {
        "id": 226281344,
        "price": "47333.00000000",
        "qty": "0.01500000",
        "quoteQty": "709.99500000",
        "time": 1629986956810,
        "isBuyerMaker": false,
        "isBestMatch": true
    },
    {
        "id": 226281345,
        "price": "47333.00000000",
        "qty": "0.09170000",
        "quoteQty": "4340.43610000",
        "time": 1629986956812,
        "isBuyerMaker": false,
        "isBestMatch": true
    },
    {
        "id": 226281346,
        "price": "47333.00000000",
        "qty": "0.00344000",
        "quoteQty": "162.82552000",
        "time": 1629986956813,
        "isBuyerMaker": false,
        "isBestMatch": true
    },
    {
        "id": 226281347,
        "price": "47333.98000000",
        "qty": "0.00212000",
        "quoteQty": "100.34803760",
        "time": 1629986956829,
        "isBuyerMaker": false,
        "isBestMatch": true
    },
    {
        "id": 226281348,
        "price": "47335.00000000",
        "qty": "0.00106000",
        "quoteQty": "50.17510000",
        "time": 1629986956832,
        "isBuyerMaker": false,
        "isBestMatch": true
    },
    {
        "id": 226281349,
        "price": "47337.85000000",
        "qty": "0.02200000",
        "quoteQty": "1041.43270000",
        "time": 1629986956840,
        "isBuyerMaker": false,
        "isBestMatch": true
    },
    {
        "id": 226281350,
        "price": "47337.85000000",
        "qty": "0.00534000",
        "quoteQty": "252.78411900",
        "time": 1629986956863,
        "isBuyerMaker": false,
        "isBestMatch": true
    },
    {
        "id": 226281351,
        "price": "47338.00000000",
        "qty": "0.00466000",
        "quoteQty": "220.59508000",
        "time": 1629986956863,
        "isBuyerMaker": false,
        "isBestMatch": true
    },
    {
        "id": 226281352,
        "price": "47337.99000000",
        "qty": "0.00392000",
        "quoteQty": "185.56492080",
        "time": 1629986956890,
        "isBuyerMaker": true,
        "isBestMatch": true
    },
    {
        "id": 226281353,
        "price": "47337.99000000",
        "qty": "0.01960000",
        "quoteQty": "927.82460400",
        "time": 1629986956973,
        "isBuyerMaker": true,
        "isBestMatch": true
    },
    {
        "id": 226281354,
        "price": "47338.00000000",
        "qty": "0.01390000",
        "quoteQty": "657.99820000",
        "time": 1629986957161,
        "isBuyerMaker": false,
        "isBestMatch": true
    },
    {
        "id": 226281355,
        "price": "47338.00000000",
        "qty": "0.02555000",
        "quoteQty": "1209.48590000",
        "time": 1629986957212,
        "isBuyerMaker": false,
        "isBestMatch": true
    },
    {
        "id": 226281356,
        "price": "47338.00000000",
        "qty": "0.02000000",
        "quoteQty": "946.76000000",
        "time": 1629986957279,
        "isBuyerMaker": false,
        "isBestMatch": true
    },
    {
        "id": 226281357,
        "price": "47338.00000000",
        "qty": "0.05400000",
        "quoteQty": "2556.25200000",
        "time": 1629986957290,
        "isBuyerMaker": false,
        "isBestMatch": true
    },
    {
        "id": 226281358,
        "price": "47338.00000000",
        "qty": "0.06400000",
        "quoteQty": "3029.63200000",
        "time": 1629986957438,
        "isBuyerMaker": false,
        "isBestMatch": true
    },
    {
        "id": 226281359,
        "price": "47338.00000000",
        "qty": "0.05400000",
        "quoteQty": "2556.25200000",
        "time": 1629986957444,
        "isBuyerMaker": false,
        "isBestMatch": true
    },
    {
        "id": 226281360,
        "price": "47338.00000000",
        "qty": "0.01300000",
        "quoteQty": "615.39400000",
        "time": 1629986957476,
        "isBuyerMaker": false,
        "isBestMatch": true
    },
    {
        "id": 226281361,
        "price": "47338.00000000",
        "qty": "0.11904000",
        "quoteQty": "5635.11552000",
        "time": 1629986957481,
        "isBuyerMaker": false,
        "isBestMatch": true
    },
    {
        "id": 226281362,
        "price": "47338.00000000",
        "qty": "0.13290000",
        "quoteQty": "6291.22020000",
        "time": 1629986957483,
        "isBuyerMaker": false,
        "isBestMatch": true
    },
    {
        "id": 226281363,
        "price": "47338.00000000",
        "qty": "0.00900000",
        "quoteQty": "426.04200000",
        "time": 1629986957485,
        "isBuyerMaker": false,
        "isBestMatch": true
    },
    {
        "id": 226281364,
        "price": "47338.00000000",
        "qty": "0.11601000",
        "quoteQty": "5491.68138000",
        "time": 1629986957491,
        "isBuyerMaker": false,
        "isBestMatch": true
    },
    {
        "id": 226281365,
        "price": "47338.00000000",
        "qty": "0.37394000",
        "quoteQty": "17701.57172000",
        "time": 1629986957494,
        "isBuyerMaker": false,
        "isBestMatch": true
    },
    {
        "id": 226281366,
        "price": "47341.49000000",
        "qty": "0.00032000",
        "quoteQty": "15.14927680",
        "time": 1629986957500,
        "isBuyerMaker": false,
        "isBestMatch": true
    },
    {
        "id": 226281367,
        "price": "47342.00000000",
        "qty": "0.00042000",
        "quoteQty": "19.88364000",
        "time": 1629986957500,
        "isBuyerMaker": false,
        "isBestMatch": true
    },
    {
        "id": 226281368,
        "price": "47343.45000000",
        "qty": "0.01026000",
        "quoteQty": "485.74379700",
        "time": 1629986957500,
        "isBuyerMaker": false,
        "isBestMatch": true
    },
    {
        "id": 226281369,
        "price": "47343.45000000",
        "qty": "0.01100000",
        "quoteQty": "520.77795000",
        "time": 1629986957518,
        "isBuyerMaker": false,
        "isBestMatch": true
    },
    {
        "id": 226281370,
        "price": "47343.45000000",
        "qty": "0.03124000",
        "quoteQty": "1479.00937800",
        "time": 1629986957528,
        "isBuyerMaker": false,
        "isBestMatch": true
    },
    {
        "id": 226281371,
        "price": "47344.76000000",
        "qty": "0.00217000",
        "quoteQty": "102.73812920",
        "time": 1629986957528,
        "isBuyerMaker": false,
        "isBestMatch": true
    },
    {
        "id": 226281372,
        "price": "47346.93000000",
        "qty": "0.00076000",
        "quoteQty": "35.98366680",
        "time": 1629986957528,
        "isBuyerMaker": false,
        "isBestMatch": true
    },
    {
        "id": 226281373,
        "price": "47348.89000000",
        "qty": "0.01683000",
        "quoteQty": "796.88181870",
        "time": 1629986957528,
        "isBuyerMaker": false,
        "isBestMatch": true
    },
    {
        "id": 226281374,
        "price": "47350.00000000",
        "qty": "0.00050000",
        "quoteQty": "23.67500000",
        "time": 1629986957537,
        "isBuyerMaker": false,
        "isBestMatch": true
    },
    {
        "id": 226281375,
        "price": "47350.00000000",
        "qty": "0.00105000",
        "quoteQty": "49.71750000",
        "time": 1629986957537,
        "isBuyerMaker": false,
        "isBestMatch": true
    },
    {
        "id": 226281376,
        "price": "47350.00000000",
        "qty": "0.05045000",
        "quoteQty": "2388.80750000",
        "time": 1629986957537,
        "isBuyerMaker": false,
        "isBestMatch": true
    },
    {
        "id": 226281377,
        "price": "47350.00000000",
        "qty": "0.01300000",
        "quoteQty": "615.55000000",
        "time": 1629986957538,
        "isBuyerMaker": false,
        "isBestMatch": true
    },
    {
        "id": 226281378,
        "price": "47350.00000000",
        "qty": "0.00200000",
        "quoteQty": "94.70000000",
        "time": 1629986957571,
        "isBuyerMaker": false,
        "isBestMatch": true
    },
    {
        "id": 226281379,
        "price": "47349.99000000",
        "qty": "0.05383000",
        "quoteQty": "2548.84996170",
        "time": 1629986957818,
        "isBuyerMaker": true,
        "isBestMatch": true
    },
    {
        "id": 226281380,
        "price": "47349.99000000",
        "qty": "0.00143000",
        "quoteQty": "67.71048570",
        "time": 1629986957913,
        "isBuyerMaker": true,
        "isBestMatch": true
    },
    {
        "id": 226281381,
        "price": "47349.99000000",
        "qty": "0.04316000",
        "quoteQty": "2043.62556840",
        "time": 1629986958012,
        "isBuyerMaker": true,
        "isBestMatch": true
    },
    {
        "id": 226281382,
        "price": "47349.99000000",
        "qty": "0.00158000",
        "quoteQty": "74.81298420",
        "time": 1629986958106,
        "isBuyerMaker": true,
        "isBestMatch": true
    },
    {
        "id": 226281383,
        "price": "47349.99000000",
        "qty": "0.04158000",
        "quoteQty": "1968.81258420",
        "time": 1629986958106,
        "isBuyerMaker": true,
        "isBestMatch": true
    },
    {
        "id": 226281384,
        "price": "47350.00000000",
        "qty": "0.08496000",
        "quoteQty": "4022.85600000",
        "time": 1629986958302,
        "isBuyerMaker": false,
        "isBestMatch": true
    },
    {
        "id": 226281385,
        "price": "47350.00000000",
        "qty": "0.04005000",
        "quoteQty": "1896.36750000",
        "time": 1629986958414,
        "isBuyerMaker": false,
        "isBestMatch": true
    },
    {
        "id": 226281386,
        "price": "47350.00000000",
        "qty": "0.08496000",
        "quoteQty": "4022.85600000",
        "time": 1629986958512,
        "isBuyerMaker": false,
        "isBestMatch": true
    },
    {
        "id": 226281387,
        "price": "47349.97000000",
        "qty": "0.00187000",
        "quoteQty": "88.54444390",
        "time": 1629986958563,
        "isBuyerMaker": false,
        "isBestMatch": true
    },
    {
        "id": 226281388,
        "price": "47349.96000000",
        "qty": "0.03436000",
        "quoteQty": "1626.94462560",
        "time": 1629986958660,
        "isBuyerMaker": true,
        "isBestMatch": true
    },
    {
        "id": 226281389,
        "price": "47349.97000000",
        "qty": "0.05097000",
        "quoteQty": "2413.42797090",
        "time": 1629986958708,
        "isBuyerMaker": false,
        "isBestMatch": true
    },
    {
        "id": 226281390,
        "price": "47349.96000000",
        "qty": "0.00040000",
