[
    {
        "id": 1051056,
        "price": "0.97010000",
        "qty": "0.13640000",
        "quoteQty": "0.13232164",
        "time": 1629954119086,
        "isBuyerMaker": true,
        "isBestMatch": true
    },
    {
        "id": 1051057,
        "price": "0.97010000",
        "qty": "0.00340000",
        "quoteQty": "0.00329834",
        "time": 1629954174283,
        "isBuyerMaker": true,
        "isBestMatch": true
    },
    {
        "id": 1051058,
        "price": "0.97010000",
        "qty": "0.00520000",
        "quoteQty": "0.00504452",
        "time": 1629954174283,
        "isBuyerMaker": true,
        "isBestMatch": true
    },
    {
        "id": 1051059,
        "price": "0.97010000",
        "qty": "0.04170000",
        "quoteQty": "0.04045317",
        "time": 1629954216187,
        "isBuyerMaker": false,
        "isBestMatch": true
    },
    {
        "id": 1051060,
        "price": "0.97030000",
        "qty": "0.28450000",
        "quoteQty": "0.27605035",
        "time": 1629954216187,
        "isBuyerMaker": false,
        "isBestMatch": true
    },
    {
        "id": 1051061,
        "price": "0.97040000",
        "qty": "3.52530000",
        "quoteQty": "3.42095112",
        "time": 1629954216187,
        "isBuyerMaker": false,
        "isBestMatch": true
    },
    {
        "id": 1051062,
        "price": "0.97040000",
        "qty": "0.13890000",
        "quoteQty": "0.13478856",
        "time": 1629954216187,
        "isBuyerMaker": false,
        "isBestMatch": true
    },
    {
        "id": 1051063,
        "price": "0.97040000",
        "qty": "0.98750000",
        "quoteQty": "0.95827000",
        "time": 1629954216187,
        "isBuyerMaker": false,
        "isBestMatch": true
    },
    {
        "id": 1051064,
        "price": "0.97040000",
        "qty": "0.30570000",
        "quoteQty": "0.29665128",
        "time": 1629954216187,
        "isBuyerMaker": false,
        "isBestMatch": true
    },
    {
        "id": 1051065,
        "price": "0.97040000",
        "qty": "0.19540000",
        "quoteQty": "0.18961616",
        "time": 1629954216187,
        "isBuyerMaker": false,
        "isBestMatch": true
    },
    {
        "id": 1051066,
        "price": "0.97050000",
        "qty": "20.00000000",
        "quoteQty": "19.41000000",
        "time": 1629954290502,
        "isBuyerMaker": false,
        "isBestMatch": true
    },
    {
        "id": 1051067,
        "price": "0.97040000",
        "qty": "0.14930000",
        "quoteQty": "0.14488072",
        "time": 1629954314138,
        "isBuyerMaker": true,
        "isBestMatch": true
    },
    {
        "id": 1051068,
        "price": "0.97050000",
        "qty": "0.01930000",
        "quoteQty": "0.01873065",
        "time": 1629954442334,
        "isBuyerMaker": false,
        "isBestMatch": true
    },
    {
        "id": 1051069,
        "price": "0.97050000",
        "qty": "0.43150000",
        "quoteQty": "0.41877075",
        "time": 1629954553339,
        "isBuyerMaker": false,
        "isBestMatch": true
    },
    {
        "id": 1051070,
        "price": "0.97040000",
        "qty": "0.11230000",
        "quoteQty": "0.10897592",
        "time": 1629954633817,
        "isBuyerMaker": true,
        "isBestMatch": true
    },
    {
        "id": 1051071,
        "price": "0.97040000",
        "qty": "0.01010000",
        "quoteQty": "0.00980104",
        "time": 1629954694213,
        "isBuyerMaker": true,
        "isBestMatch": true
    },
    {
        "id": 1051072,
        "price": "0.97040000",
        "qty": "1.01050000",
        "quoteQty": "0.98058920",
        "time": 1629954745636,
        "isBuyerMaker": true,
        "isBestMatch": true
    },
    {
        "id": 1051073,
        "price": "0.97040000",
        "qty": "0.03220000",
        "quoteQty": "0.03124688",
        "time": 1629954773925,
        "isBuyerMaker": true,
        "isBestMatch": true
    },
    {
        "id": 1051074,
        "price": "0.97040000",
        "qty": "0.10360000",
        "quoteQty": "0.10053344",
        "time": 1629954785783,
        "isBuyerMaker": true,
        "isBestMatch": true
    },
    {
        "id": 1051075,
        "price": "0.97050000",
        "qty": "0.34380000",
        "quoteQty": "0.33365790",
        "time": 1629954832545,
        "isBuyerMaker": false,
        "isBestMatch": true
    },
    {
        "id": 1051076,
        "price": "0.97040000",
        "qty": "0.12780000",
        "quoteQty": "0.12401712",
        "time": 1629955011715,
        "isBuyerMaker": true,
        "isBestMatch": true
    },
    {
        "id": 1051077,
        "price": "0.97050000",
        "qty": "2.51210000",
        "quoteQty": "2.43799305",
        "time": 1629955107412,
        "isBuyerMaker": false,
        "isBestMatch": true
    },
    {
        "id": 1051078,
        "price": "0.97050000",
        "qty": "0.01040000",
        "quoteQty": "0.01009320",
        "time": 1629955285786,
        "isBuyerMaker": false,
        "isBestMatch": true
    },
    {
        "id": 1051079,
        "price": "0.97050000",
        "qty": "0.00820000",
        "quoteQty": "0.00795810",
        "time": 1629955328028,
        "isBuyerMaker": false,
        "isBestMatch": true
    },
    {
        "id": 1051080,
        "price": "0.97040000",
        "qty": "0.21520000",
        "quoteQty": "0.20883008",
        "time": 1629955364044,
        "isBuyerMaker": true,
        "isBestMatch": true
    },
    {
        "id": 1051081,
        "price": "0.97050000",
        "qty": "0.00850000",
        "quoteQty": "0.00824925",
        "time": 1629955365547,
        "isBuyerMaker": false,
        "isBestMatch": true
    },
    {
        "id": 1051082,
        "price": "0.97050000",
        "qty": "0.18940000",
        "quoteQty": "0.18381270",
        "time": 1629955389126,
        "isBuyerMaker": false,
        "isBestMatch": true
    },
    {
        "id": 1051083,
        "price": "0.97040000",
        "qty": "0.25620000",
        "quoteQty": "0.24861648",
        "time": 1629955395772,
        "isBuyerMaker": true,
        "isBestMatch": true
    },
    {
        "id": 1051084,
        "price": "0.97040000",
        "qty": "0.51330000",
        "quoteQty": "0.49810632",
        "time": 1629955420880,
        "isBuyerMaker": true,
        "isBestMatch": true
    },
    {
        "id": 1051085,
        "price": "0.97050000",
        "qty": "0.02380000",
        "quoteQty": "0.02309790",
        "time": 1629955473789,
        "isBuyerMaker": false,
        "isBestMatch": true
    },
    {
        "id": 1051086,
        "price": "0.97040000",
        "qty": "0.45030000",
        "quoteQty": "0.43697112",
        "time": 1629955476594,
        "isBuyerMaker": true,
        "isBestMatch": true
    },
    {
        "id": 1051087,
        "price": "0.97040000",
        "qty": "0.74570000",
        "quoteQty": "0.72362728",
        "time": 1629955513231,
        "isBuyerMaker": true,
        "isBestMatch": true
    },
    {
        "id": 1051088,
        "price": "0.97040000",
        "qty": "0.04730000",
        "quoteQty": "0.04589992",
        "time": 1629955535467,
        "isBuyerMaker": true,
        "isBestMatch": true
    },
    {
        "id": 1051089,
        "price": "0.97040000",
        "qty": "0.06950000",
        "quoteQty": "0.06744280",
        "time": 1629955556950,
        "isBuyerMaker": true,
        "isBestMatch": true
    },
    {
        "id": 1051090,
        "price": "0.97050000",
        "qty": "0.02360000",
        "quoteQty": "0.02290380",
        "time": 1629955582842,
        "isBuyerMaker": false,
        "isBestMatch": true
    },
    {
        "id": 1051091,
        "price": "0.97040000",
        "qty": "0.04420000",
        "quoteQty": "0.04289168",
        "time": 1629955585959,
        "isBuyerMaker": true,
        "isBestMatch": true
    },
    {
        "id": 1051092,
        "price": "0.97040000",
        "qty": "0.01630000",
        "quoteQty": "0.01581752",
        "time": 1629955588525,
        "isBuyerMaker": true,
        "isBestMatch": true
    },
    {
        "id": 1051093,
        "price": "0.97040000",
        "qty": "0.02000000",
        "quoteQty": "0.01940800",
        "time": 1629955602286,
        "isBuyerMaker": true,
        "isBestMatch": true
    },
    {
        "id": 1051094,
        "price": "0.97040000",
        "qty": "0.55850000",
        "quoteQty": "0.54196840",
        "time": 1629955643915,
        "isBuyerMaker": true,
        "isBestMatch": true
    },
    {
        "id": 1051095,
        "price": "0.97040000",
        "qty": "0.42430000",
        "quoteQty": "0.41174072",
        "time": 1629955699795,
        "isBuyerMaker": true,
        "isBestMatch": true
    },
    {
        "id": 1051096,
        "price": "0.97050000",
        "qty": "0.02350000",
        "quoteQty": "0.02280675",
        "time": 1629955699814,
        "isBuyerMaker": false,
        "isBestMatch": true
    },
    {
        "id": 1051097,
        "price": "0.97040000",
        "qty": "0.09340000",
        "quoteQty": "0.09063536",
        "time": 1629955768331,
        "isBuyerMaker": true,
        "isBestMatch": true
    },
    {
        "id": 1051098,
        "price": "0.97040000",
        "qty": "0.00590000",
        "quoteQty": "0.00572536",
        "time": 1629955768331,
        "isBuyerMaker": true,
        "isBestMatch": true
    },
    {
        "id": 1051099,
        "price": "0.97040000",
        "qty": "0.01830000",
        "quoteQty": "0.01775832",
        "time": 1629955768331,
        "isBuyerMaker": true,
        "isBestMatch": true
    },
    {
        "id": 1051100,
        "price": "0.97040000",
        "qty": "0.01120000",
        "quoteQty": "0.01086848",
        "time": 1629955768331,
        "isBuyerMaker": true,
        "isBestMatch": true
    },
    {
        "id": 1051101,
        "price": "0.97040000",
        "qty": "0.02590000",
        "quoteQty": "0.02513336",
        "time": 1629955768331,
        "isBuyerMaker": true,
        "isBestMatch": true
    },
    {
        "id": 1051102,
        "price": "0.97040000",
        "qty": "0.15460000",
        "quoteQty": "0.15002384",
        "time": 1629955768331,
        "isBuyerMaker": true,
        "isBestMatch": true
    },
    {
        "id": 1051103,
        "price": "0.97040000",
        "qty": "0.01920000",
        "quoteQty": "0.01863168",
        "time": 1629955769094,
        "isBuyerMaker": true,
        "isBestMatch": true
    },
    {
        "id": 1051104,
        "price": "0.97050000",
        "qty": "0.02350000",
        "quoteQty": "0.02280675",
        "time": 1629955804190,
        "isBuyerMaker": false,
        "isBestMatch": true
    },
    {
        "id": 1051105,
        "price": "0.97040000",
        "qty": "0.01180000",
        "quoteQty": "0.01145072",
        "time": 1629955875317,
        "isBuyerMaker": true,
        "isBestMatch": true
    },
    {
        "id": 1051106,
        "price": "0.97040000",
        "qty": "0.01310000",
        "quoteQty": "0.01271224",
        "time": 1629955903634,
        "isBuyerMaker": true,
        "isBestMatch": true
    },
    {
        "id": 1051107,
        "price": "0.97040000",
        "qty": "0.10000000",
        "quoteQty": "0.09704000",
        "time": 1629955924118,
        "isBuyerMaker": true,
        "isBestMatch": true
    },
    {
        "id": 1051108,
        "price": "0.97040000",
        "qty": "0.02970000",
        "quoteQty": "0.02882088",
        "time": 1629955987588,
        "isBuyerMaker": true,
        "isBestMatch": true
    },
    {
        "id": 1051109,
        "price": "0.97040000",
        "qty": "0.01550000",
        "quoteQty": "0.01504120",
        "time": 1629956022210,
        "isBuyerMaker": true,
        "isBestMatch": true
    },
    {
        "id": 1051110,
        "price": "0.97040000",
        "qty": "0.02690000",
        "quoteQty": "0.02610376",
        "time": 1629956023859,
        "isBuyerMaker": true,
        "isBestMatch": true
    },
    {
        "id": 1051111,
        "price": "0.97040000",
        "qty": "0.04360000",
        "quoteQty": "0.04230944",
        "time": 1629956074662,
        "isBuyerMaker": true,
        "isBestMatch": true
    },
    {
        "id": 1051112,
        "price": "0.97050000",
        "qty": "0.13190000",
        "quoteQty": "0.12800895",
        "time": 1629956118503,
        "isBuyerMaker": false,
        "isBestMatch": true
    },
    {
        "id": 1051113,
        "price": "0.97050000",
        "qty": "0.39460000",
        "quoteQty": "0.38295930",
        "time": 1629956221080,
        "isBuyerMaker": false,
        "isBestMatch": true
    },
    {
        "id": 1051114,
        "price": "0.97040000",
        "qty": "0.02870000",
        "quoteQty": "0.02785048",
        "time": 1629956252339,
        "isBuyerMaker": true,
        "isBestMatch": true
    },
    {
        "id": 1051115,
        "price": "0.97040000",
        "qty": "0.10000000",
        "quoteQty": "0.09704000",
        "time": 1629956316389,
        "isBuyerMaker": true,
        "isBestMatch": true
    },
    {
        "id": 1051116,
        "price": "0.97040000",
        "qty": "0.10190000",
        "quoteQty": "0.09888376",
        "time": 1629956363562,
        "isBuyerMaker": true,
        "isBestMatch": true
    },
    {
        "id": 1051117,
        "price": "0.97040000",
        "qty": "0.01280000",
        "quoteQty": "0.01242112",
        "time": 1629956389223,
        "isBuyerMaker": true,
        "isBestMatch": true
    },
    {
        "id": 1051118,
        "price": "0.97040000",
        "qty": "0.02670000",
        "quoteQty": "0.02590968",
        "time": 1629956407537,
        "isBuyerMaker": true,
        "isBestMatch": true
    },
    {
        "id": 1051119,
        "price": "0.97050000",
        "qty": "0.16090000",
        "quoteQty": "0.15615345",
        "time": 1629956454184,
        "isBuyerMaker": false,
        "isBestMatch": true
    },
    {
        "id": 1051120,
        "price": "0.97040000",
        "qty": "0.15940000",
        "quoteQty": "0.15468176",
        "time": 1629956503278,
        "isBuyerMaker": true,
        "isBestMatch": true
    },
    {
        "id": 1051121,
        "price": "0.97040000",
        "qty": "0.02070000",
        "quoteQty": "0.02008728",
        "time": 1629956505795,
        "isBuyerMaker": true,
        "isBestMatch": true
    },
    {
        "id": 1051122,
        "price": "0.97040000",
        "qty": "0.57530000",
        "quoteQty": "0.55827112",
        "time": 1629956514783,
        "isBuyerMaker": true,
        "isBestMatch": true
    },
    {
        "id": 1051123,
        "price": "0.97050000",
        "qty": "0.01800000",
        "quoteQty": "0.01746900",
        "time": 1629956569543,
        "isBuyerMaker": false,
        "isBestMatch": true
    },
    {
        "id": 1051124,
        "price": "0.97050000",
        "qty": "0.17220000",
        "quoteQty": "0.16712010",
        "time": 1629956571753,
        "isBuyerMaker": false,
        "isBestMatch": true
    },
    {
        "id": 1051125,
        "price": "0.97050000",
        "qty": "0.16930000",
        "quoteQty": "0.16430565",
        "time": 1629956603605,
        "isBuyerMaker": false,
        "isBestMatch": true
    },
    {
        "id": 1051126,
        "price": "0.97040000",
        "qty": "0.47370000",
        "quoteQty": "0.45967848",
        "time": 1629956630347,
        "isBuyerMaker": true,
        "isBestMatch": true
    },
    {
        "id": 1051127,
        "price": "0.97040000",
        "qty": "0.06400000",
        "quoteQty": "0.06210560",
        "time": 1629956637267,
        "isBuyerMaker": true,
        "isBestMatch": true
    },
    {
        "id": 1051128,
        "price": "0.97040000",
        "qty": "3.02240000",
        "quoteQty": "2.93293696",
        "time": 1629956639884,
        "isBuyerMaker": true,
        "isBestMatch": true
    },
    {
        "id": 1051129,
        "price": "0.97040000",
        "qty": "0.00980000",
        "quoteQty": "0.00950992",
        "time": 1629956639884,
        "isBuyerMaker": true,
        "isBestMatch": true
    },
    {
        "id": 1051130,
        "price": "0.97040000",
        "qty": "0.01640000",
        "quoteQty": "0.01591456",
        "time": 1629956639884,
        "isBuyerMaker": true,
        "isBestMatch": true
    },
    {
        "id": 1051131,
        "price": "0.97040000",
        "qty": "5.00000000",
        "quoteQty": "4.85200000",
        "time": 1629956639884,
        "isBuyerMaker": true,
        "isBestMatch": true
    },
    {
        "id": 1051132,
        "price": "0.97040000",
        "qty": "1.98950000",
        "quoteQty": "1.93061080",
        "time": 1629956639884,
        "isBuyerMaker": true,
        "isBestMatch": true
    },
    {
        "id": 1051133,
        "price": "0.97050000",
        "qty": "0.34860000",
        "quoteQty": "0.33831630",
        "time": 1629956665492,
        "isBuyerMaker": false,
        "isBestMatch": true
    },
    {
        "id": 1051134,
        "price": "0.97050000",
        "qty": "0.34570000",
        "quoteQty": "0.33550185",
        "time": 1629956743106,
        "isBuyerMaker": false,
        "isBestMatch": true
    },
    {
        "id": 1051135,
        "price": "0.97040000",
        "qty": "0.08050000",
        "quoteQty": "0.07811720",
        "time": 1629956744181,
        "isBuyerMaker": true,
        "isBestMatch": true
    },
    {
        "id": 1051136,
        "price": "0.97050000",
        "qty": "0.25890000",
        "quoteQty": "0.25126245",
        "time": 1629956789188,
        "isBuyerMaker": false,
        "isBestMatch": true
    },
    {
        "id": 1051137,
        "price": "0.97050000",
        "qty": "0.00570000",
        "quoteQty": "0.00553185",
        "time": 1629956836907,
        "isBuyerMaker": false,
        "isBestMatch": true
    },
    {
        "id": 1051138,
        "price": "0.97040000",
        "qty": "0.30880000",
        "quoteQty": "0.29965952",
        "time": 1629956881627,
        "isBuyerMaker": true,
        "isBestMatch": true
    },
    {
        "id": 1051139,
        "price": "0.97040000",
        "qty": "0.30880000",
        "quoteQty": "0.29965952",
        "time": 1629956887483,
        "isBuyerMaker": true,
        "isBestMatch": true
    },
    {
        "id": 1051140,
        "price": "0.97040000",
        "qty": "0.35020000",
        "quoteQty": "0.33983408",
        "time": 1629956969525,
        "isBuyerMaker": true,
        "isBestMatch": true
    },
    {
        "id": 1051141,
        "price": "0.97050000",
        "qty": "0.29050000",
        "quoteQty": "0.28193025",
        "time": 1629957011433,
        "isBuyerMaker": false,
        "isBestMatch": true
    },
    {
        "id": 1051142,
        "price": "0.97040000",
        "qty": "0.07770000",
        "quoteQty": "0.07540008",
        "time": 1629957044586,
        "isBuyerMaker": true,
        "isBestMatch": true
    },
    {
        "id": 1051143,
        "price": "0.97040000",
        "qty": "0.28520000",
        "quoteQty": "0.27675808",
        "time": 1629957057780,
        "isBuyerMaker": true,
        "isBestMatch": true
    },
    {
        "id": 1051144,
        "price": "0.97040000",
        "qty": "0.25610000",
        "quoteQty": "0.24851944",
        "time": 1629957086007,
        "isBuyerMaker": true,
        "isBestMatch": true
    },
    {
        "id": 1051145,
        "price": "0.97040000",
        "qty": "0.00620000",
        "quoteQty": "0.00601648",
        "time": 1629957103540,
        "isBuyerMaker": true,
        "isBestMatch": true
    },
    {
        "id": 1051146,
        "price": "0.97040000",
        "qty": "1.33700000",
        "quoteQty": "1.29742480",
        "time": 1629957113283,
        "isBuyerMaker": true,
        "isBestMatch": true
    },
    {
        "id": 1051147,
        "price": "0.97040000",
        "qty": "0.90390000",
        "quoteQty": "0.87714456",
        "time": 1629957113283,
        "isBuyerMaker": true,
        "isBestMatch": true
    },
    {
        "id": 1051148,
        "price": "0.97040000",
        "qty": "0.00740000",
        "quoteQty": "0.00718096",
        "time": 1629957127916,
        "isBuyerMaker": true,
        "isBestMatch": true
    },
    {
        "id": 1051149,
        "price": "0.97040000",
        "qty": "0.30290000",
        "quoteQty": "0.29393416",
        "time": 1629957161185,
        "isBuyerMaker": true,
        "isBestMatch": true
    },
    {
        "id": 1051150,
        "price": "0.97050000",
        "qty": "0.29900000",
        "quoteQty": "0.29017950",
        "time": 1629957216739,
        "isBuyerMaker": false,
        "isBestMatch": true
    },
    {
        "id": 1051151,
        "price": "0.97040000",
        "qty": "0.02310000",
        "quoteQty": "0.02241624",
        "time": 1629957278585,
        "isBuyerMaker": true,
        "isBestMatch": true
    },
    {
        "id": 1051152,
        "price": "0.97050000",
        "qty": "0.27600000",
        "quoteQty": "0.26785800",
        "time": 1629957324640,
        "isBuyerMaker": false,
        "isBestMatch": true
    },
    {
        "id": 1051153,
        "price": "0.97040000",
        "qty": "0.03000000",
        "quoteQty": "0.02911200",
        "time": 1629957364866,
        "isBuyerMaker": true,
        "isBestMatch": true
    },
    {
        "id": 1051154,
        "price": "0.97040000",
        "qty": "0.57120000",
        "quoteQty": "0.55429248",
        "time": 1629957401608,
        "isBuyerMaker": true,
        "isBestMatch": true
    },
    {
        "id": 1051155,
        "price": "0.97040000",
        "qty": "0.26180000",
        "quoteQty": "0.25405072",
        "time": 1629957414424,
        "isBuyerMaker": true,
        "isBestMatch": true
    },
    {
        "id": 1051156,
        "price": "0.97050000",
        "qty": "31.70120000",
        "quoteQty": "30.76601460",
        "time": 1629957483693,
        "isBuyerMaker": false,
        "isBestMatch": true
    },
    {
        "id": 1051157,
        "price": "0.97050000",
        "qty": "0.58870000",
        "quoteQty": "0.57133335",
        "time": 1629957500090,
        "isBuyerMaker": false,
        "isBestMatch": true
    },
    {
        "id": 1051158,
        "price": "0.97040000",
        "qty": "0.20000000",
        "quoteQty": "0.19408000",
        "time": 1629957536541,
        "isBuyerMaker": true,
        "isBestMatch": true
    },
    {
        "id": 1051159,
        "price": "0.97050000",
        "qty": "0.00990000",
        "quoteQty": "0.00960795",
        "time": 1629957641000,
        "isBuyerMaker": false,
        "isBestMatch": true
    },
    {
        "id": 1051160,
        "price": "0.97040000",
        "qty": "0.08670000",
        "quoteQty": "0.08413368",
        "time": 1629957679547,
        "isBuyerMaker": true,
        "isBestMatch": true
    },
    {
        "id": 1051161,
        "price": "0.97040000",
        "qty": "0.10000000",
        "quoteQty": "0.09704000",
        "time": 1629957683328,
        "isBuyerMaker": true,
        "isBestMatch": true
    },
    {
        "id": 1051162,
        "price": "0.97050000",
        "qty": "0.01540000",
        "quoteQty": "0.01494570",
        "time": 1629958071946,
        "isBuyerMaker": false,
        "isBestMatch": true
    },
    {
        "id": 1051163,
        "price": "0.97040000",
        "qty": "0.10000000",
        "quoteQty": "0.09704000",
        "time": 1629958097994,
        "isBuyerMaker": true,
        "isBestMatch": true
    },
    {
        "id": 1051164,
        "price": "0.97040000",
        "qty": "0.05000000",
        "quoteQty": "0.04852000",
        "time": 1629958111840,
        "isBuyerMaker": true,
        "isBestMatch": true
    },
    {
        "id": 1051165,
        "price": "0.97040000",
        "qty": "2.00000000",
        "quoteQty": "1.94080000",
        "time": 1629958186417,
        "isBuyerMaker": true,
        "isBestMatch": true
    },
    {
        "id": 1051166,
        "price": "0.97040000",
        "qty": "0.03100000",
        "quoteQty": "0.03008240",
        "time": 1629958207868,
        "isBuyerMaker": true,
        "isBestMatch": true
    },
    {
        "id": 1051167,
        "price": "0.97040000",
        "qty": "0.03100000",
        "quoteQty": "0.03008240",
        "time": 1629958376268,
        "isBuyerMaker": true,
        "isBestMatch": true
    },
    {
        "id": 1051168,
        "price": "0.97050000",
        "qty": "0.01300000",
        "quoteQty": "0.01261650",
        "time": 1629958401510,
        "isBuyerMaker": false,
        "isBestMatch": true
    },
    {
        "id": 1051169,
        "price": "0.97040000",
        "qty": "0.11950000",
        "quoteQty": "0.11596280",
        "time": 1629958614590,
        "isBuyerMaker": true,
        "isBestMatch": true
    },
    {
        "id": 1051170,
        "price": "0.97040000",
        "qty": "0.13090000",
        "quoteQty": "0.12702536",
        "time": 1629958687462,
        "isBuyerMaker": true,
        "isBestMatch": true
    },
    {
        "id": 1051171,
        "price": "0.97050000",
        "qty": "0.00590000",
        "quoteQty": "0.00572595",
        "time": 1629958704869,
        "isBuyerMaker": false,
        "isBestMatch": true
    },
    {
        "id": 1051172,
        "price": "0.97040000",
        "qty": "0.04900000",
        "quoteQty": "0.04754960",
        "time": 1629958712830,
        "isBuyerMaker": true,
        "isBestMatch": true
    },
    {
        "id": 1051173,
        "price": "0.97040000",
        "qty": "0.00160000",
        "quoteQty": "0.00155264",
        "time": 1629958762050,
        "isBuyerMaker": true,
        "isBestMatch": true
    },
    {
        "id": 1051174,
        "price": "0.97040000",
        "qty": "0.00370000",
        "quoteQty": "0.00359048",
        "time": 1629958762050,
        "isBuyerMaker": true,
        "isBestMatch": true
    },
    {
        "id": 1051175,
        "price": "0.97040000",
        "qty": "0.14190000",
        "quoteQty": "0.13769976",
        "time": 1629958793409,
        "isBuyerMaker": true,
        "isBestMatch": true
    },
    {
        "id": 1051176,
        "price": "0.97050000",
        "qty": "0.03590000",
        "quoteQty": "0.03484095",
        "time": 1629958833423,
        "isBuyerMaker": false,
        "isBestMatch": true
    },
    {
        "id": 1051177,
        "price": "0.97050000",
        "qty": "0.00530000",
        "quoteQty": "0.00514365",
        "time": 1629958872252,
        "isBuyerMaker": false,
        "isBestMatch": true
    },
    {
        "id": 1051178,
        "price": "0.97050000",
        "qty": "0.02570000",
        "quoteQty": "0.02494185",
        "time": 1629958922642,
        "isBuyerMaker": false,
        "isBestMatch": true
    },
    {
        "id": 1051179,
        "price": "0.97040000",
        "qty": "0.09250000",
        "quoteQty": "0.08976200",
        "time": 1629958941082,
        "isBuyerMaker": true,
        "isBestMatch": true
    },
    {
        "id": 1051180,
        "price": "0.97040000",
        "qty": "3.00000000",
        "quoteQty": "2.91120000",
        "time": 1629959173029,
        "isBuyerMaker": true,
        "isBestMatch": true
    },
    {
        "id": 1051181,
        "price": "0.97040000",
        "qty": "0.19000000",
        "quoteQty": "0.18437600",
        "time": 1629959192878,
        "isBuyerMaker": true,
        "isBestMatch": true
    },
    {
        "id": 1051182,
        "price": "0.97040000",
        "qty": "0.03000000",
        "quoteQty": "0.02911200",
        "time": 1629959286505,
        "isBuyerMaker": true,
        "isBestMatch": true
    },
    {
        "id": 1051183,
        "price": "0.97040000",
        "qty": "0.00830000",
        "quoteQty": "0.00805432",
        "time": 1629959309083,
        "isBuyerMaker": true,
        "isBestMatch": true
    },
    {
        "id": 1051184,
        "price": "0.97040000",
        "qty": "0.78830000",
        "quoteQty": "0.76496632",
        "time": 1629959334107,
        "isBuyerMaker": true,
        "isBestMatch": true
    },
    {
        "id": 1051185,
        "price": "0.97050000",
        "qty": "0.01680000",
        "quoteQty": "0.01630440",
        "time": 1629959403298,
        "isBuyerMaker": false,
        "isBestMatch": true
    },
    {
        "id": 1051186,
        "price": "0.97040000",
        "qty": "0.03150000",
        "quoteQty": "0.03056760",
        "time": 1629959424256,
        "isBuyerMaker": true,
        "isBestMatch": true
    },
    {
        "id": 1051187,
        "price": "0.97040000",
        "qty": "0.00950000",
        "quoteQty": "0.00921880",
        "time": 1629959473253,
        "isBuyerMaker": true,
        "isBestMatch": true
    },
    {
        "id": 1051188,
        "price": "0.97040000",
        "qty": "0.70430000",
        "quoteQty": "0.68345272",
        "time": 1629959595897,
        "isBuyerMaker": true,
        "isBestMatch": true
    },
    {
        "id": 1051189,
        "price": "0.97040000",
        "qty": "0.30480000",
        "quoteQty": "0.29577792",
        "time": 1629959595897,
        "isBuyerMaker": true,
        "isBestMatch": true
    },
    {
        "id": 1051190,
        "price": "0.97040000",
        "qty": "0.60000000",
        "quoteQty": "0.58224000",
        "time": 1629959606460,
        "isBuyerMaker": true,
        "isBestMatch": true
    },
    {
        "id": 1051191,
        "price": "0.97040000",
        "qty": "0.13560000",
        "quoteQty": "0.13158624",
        "time": 1629959669304,
        "isBuyerMaker": true,
        "isBestMatch": true
    },
    {
        "id": 1051192,
        "price": "0.97040000",
        "qty": "0.07200000",
        "quoteQty": "0.06986880",
        "time": 1629959669304,
        "isBuyerMaker": true,
        "isBestMatch": true
    },
    {
        "id": 1051193,
        "price": "0.97040000",
        "qty": "0.00550000",
        "quoteQty": "0.00533720",
        "time": 1629959669304,
        "isBuyerMaker": true,
        "isBestMatch": true
    },
    {
        "id": 1051194,
        "price": "0.97040000",
        "qty": "0.41480000",
        "quoteQty": "0.40252192",
        "time": 1629959669304,
        "isBuyerMaker": true,
        "isBestMatch": true
    },
    {
        "id": 1051195,
        "price": "0.97040000",
        "qty": "0.01740000",
        "quoteQty": "0.01688496",
        "time": 1629959739331,
        "isBuyerMaker": true,
        "isBestMatch": true
    },
    {
        "id": 1051196,
        "price": "0.97050000",
        "qty": "0.07930000",
        "quoteQty": "0.07696065",
        "time": 1629959801263,
        "isBuyerMaker": false,
        "isBestMatch": true
    },
    {
        "id": 1051197,
        "price": "0.97040000",
        "qty": "0.10040000",
        "quoteQty": "0.09742816",
        "time": 1629959831413,
        "isBuyerMaker": true,
        "isBestMatch": true
    },
    {
        "id": 1051198,
        "price": "0.97040000",
        "qty": "0.01440000",
        "quoteQty": "0.01397376",
        "time": 1629959870766,
        "isBuyerMaker": true,
        "isBestMatch": true
    },
    {
        "id": 1051199,
        "price": "0.97040000",
        "qty": "0.07530000",
        "quoteQty": "0.07307112",
        "time": 1629959876851,
        "isBuyerMaker": true,
        "isBestMatch": true
    },
    {
        "id": 1051200,
        "price": "0.97040000",
        "qty": "0.04530000",
        "quoteQty": "0.04395912",
        "time": 1629959906389,
        "isBuyerMaker": true,
        "isBestMatch": true
    },
    {
        "id": 1051201,
        "price": "0.97040000",
        "qty": "0.38120000",
        "quoteQty": "0.36991648",
        "time": 1629959940310,
        "isBuyerMaker": true,
        "isBestMatch": true
    },
    {
        "id": 1051202,
        "price": "0.97040000",
        "qty": "0.08720000",
        "quoteQty": "0.08461888",
        "time": 1629959966413,
        "isBuyerMaker": true,
        "isBestMatch": true
    },
    {
        "id": 1051203,
        "price": "0.97040000",
        "qty": "0.00520000",
        "quoteQty": "0.00504608",
        "time": 1629960053248,
        "isBuyerMaker": true,
        "isBestMatch": true
    },
    {
        "id": 1051204,
        "price": "0.97050000",
        "qty": "0.01640000",
        "quoteQty": "0.01591620",
        "time": 1629960076500,
        "isBuyerMaker": false,
        "isBestMatch": true
    },
    {
        "id": 1051205,
        "price": "0.97050000",
        "qty": "0.00530000",
        "quoteQty": "0.00514365",
        "time": 1629960141889,
        "isBuyerMaker": false,
        "isBestMatch": true
    },
    {
        "id": 1051206,
        "price": "0.97040000",
        "qty": "0.06540000",
        "quoteQty": "0.06346416",
        "time": 1629960194011,
        "isBuyerMaker": true,
        "isBestMatch": true
    },
    {
        "id": 1051207,
        "price": "0.97040000",
        "qty": "0.20000000",
        "quoteQty": "0.19408000",
        "time": 1629960219659,
        "isBuyerMaker": true,
        "isBestMatch": true
    },
    {
        "id": 1051208,
        "price": "0.97040000",
        "qty": "0.03510000",
        "quoteQty": "0.03406104",
        "time": 1629960273478,
        "isBuyerMaker": true,
        "isBestMatch": true
    },
    {
        "id": 1051209,
        "price": "0.97040000",
        "qty": "0.00520000",
        "quoteQty": "0.00504608",
        "time": 1629960277117,
        "isBuyerMaker": true,
        "isBestMatch": true
    },
    {
        "id": 1051210,
        "price": "0.97040000",
        "qty": "0.11180000",
        "quoteQty": "0.10849072",
        "time": 1629960286400,
        "isBuyerMaker": true,
        "isBestMatch": true
    },
    {
        "id": 1051211,
        "price": "0.97040000",
        "qty": "0.00670000",
        "quoteQty": "0.00650168",
        "time": 1629960370660,
        "isBuyerMaker": true,
        "isBestMatch": true
    },
    {
        "id": 1051212,
        "price": "0.97040000",
        "qty": "0.00930000",
        "quoteQty": "0.00902472",
        "time": 1629960439526,
        "isBuyerMaker": true,
        "isBestMatch": true
    },
    {
        "id": 1051213,
        "price": "0.97040000",
        "qty": "0.08680000",
        "quoteQty": "0.08423072",
        "time": 1629960469342,
        "isBuyerMaker": true,
        "isBestMatch": true
    },
    {
        "id": 1051214,
        "price": "0.97040000",
        "qty": "0.10000000",
        "quoteQty": "0.09704000",
        "time": 1629960475944,
        "isBuyerMaker": true,
        "isBestMatch": true
    },
    {
        "id": 1051215,
        "price": "0.97040000",
        "qty": "0.02530000",
        "quoteQty": "0.02455112",
        "time": 1629960589044,
        "isBuyerMaker": true,
        "isBestMatch": true
    },
    {
        "id": 1051216,
        "price": "0.97040000",
        "qty": "0.20110000",
        "quoteQty": "0.19514744",
        "time": 1629960616336,
        "isBuyerMaker": true,
        "isBestMatch": true
    },
    {
        "id": 1051217,
        "price": "0.97040000",
        "qty": "0.12010000",
        "quoteQty": "0.11654504",
        "time": 1629960637843,
        "isBuyerMaker": true,
        "isBestMatch": true
    },
    {
        "id": 1051218,
        "price": "0.97040000",
        "qty": "0.00760000",
        "quoteQty": "0.00737504",
        "time": 1629960667622,
        "isBuyerMaker": true,
        "isBestMatch": true
    },
    {
        "id": 1051219,
        "price": "0.97040000",
        "qty": "1.26670000",
        "quoteQty": "1.22920568",
        "time": 1629960675151,
        "isBuyerMaker": true,
        "isBestMatch": true
    },
    {
        "id": 1051220,
        "price": "0.97040000",
        "qty": "0.16690000",
        "quoteQty": "0.16195976",
        "time": 1629960699894,
        "isBuyerMaker": true,
        "isBestMatch": true
    },
    {
        "id": 1051221,
        "price": "0.97040000",
        "qty": "0.50000000",
        "quoteQty": "0.48520000",
        "time": 1629960934942,
        "isBuyerMaker": true,
        "isBestMatch": true
    },
    {
        "id": 1051222,
        "price": "0.97040000",
        "qty": "0.43890000",
        "quoteQty": "0.42590856",
        "time": 1629960961099,
        "isBuyerMaker": true,
        "isBestMatch": true
    },
    {
        "id": 1051223,
        "price": "0.97040000",
        "qty": "0.01040000",
        "quoteQty": "0.01009216",
        "time": 1629961002013,
        "isBuyerMaker": true,
        "isBestMatch": true
    },
    {
        "id": 1051224,
        "price": "0.97040000",
        "qty": "0.03540000",
        "quoteQty": "0.03435216",
        "time": 1629961022580,
        "isBuyerMaker": true,
        "isBestMatch": true
    },
    {
        "id": 1051225,
        "price": "0.97040000",
        "qty": "0.02100000",
        "quoteQty": "0.02037840",
        "time": 1629961026410,
        "isBuyerMaker": true,
        "isBestMatch": true
    },
    {
        "id": 1051226,
        "price": "0.97040000",
        "qty": "0.01600000",
        "quoteQty": "0.01552640",
        "time": 1629961082758,
        "isBuyerMaker": true,
        "isBestMatch": true
    },
    {
        "id": 1051227,
        "price": "0.97040000",
        "qty": "0.27510000",
        "quoteQty": "0.26695704",
        "time": 1629961105096,
        "isBuyerMaker": true,
        "isBestMatch": true
    },
    {
        "id": 1051228,
        "price": "0.97040000",
        "qty": "0.15400000",
        "quoteQty": "0.14944160",
        "time": 1629961115247,
        "isBuyerMaker": true,
        "isBestMatch": true
    },
    {
        "id": 1051229,
        "price": "0.97040000",
        "qty": "0.79110000",
        "quoteQty": "0.76768344",
        "time": 1629961115247,
        "isBuyerMaker": true,
        "isBestMatch": true
    },
    {
        "id": 1051230,
        "price": "0.97040000",
        "qty": "0.05490000",
        "quoteQty": "0.05327496",
        "time": 1629961115247,
        "isBuyerMaker": true,
        "isBestMatch": true
    },
    {
        "id": 1051231,
        "price": "0.97040000",
        "qty": "1.51420000",
        "quoteQty": "1.46937968",
        "time": 1629961159732,
        "isBuyerMaker": true,
        "isBestMatch": true
    },
    {
        "id": 1051232,
        "price": "0.97040000",
        "qty": "0.67300000",
        "quoteQty": "0.65307920",
        "time": 1629961166964,
        "isBuyerMaker": true,
        "isBestMatch": true
    },
    {
        "id": 1051233,
        "price": "0.97040000",
        "qty": "0.08720000",
        "quoteQty": "0.08461888",
        "time": 1629961175081,
        "isBuyerMaker": true,
        "isBestMatch": true
    },
    {
        "id": 1051234,
        "price": "0.97040000",
        "qty": "0.04250000",
        "quoteQty": "0.04124200",
        "time": 1629961216160,
        "isBuyerMaker": true,
        "isBestMatch": true
    },
    {
        "id": 1051235,
        "price": "0.97040000",
        "qty": "0.20000000",
        "quoteQty": "0.19408000",
        "time": 1629961250458,
        "isBuyerMaker": true,
        "isBestMatch": true
    },
    {
        "id": 1051236,
        "price": "0.97040000",
        "qty": "0.10020000",
        "quoteQty": "0.09723408",
        "time": 1629961255461,
        "isBuyerMaker": true,
        "isBestMatch": true
    },
    {
        "id": 1051237,
        "price": "0.97040000",
        "qty": "2.32800000",
        "quoteQty": "2.25909120",
        "time": 1629961261712,
        "isBuyerMaker": true,
        "isBestMatch": true
    },
    {
        "id": 1051238,
        "price": "0.97040000",
        "qty": "0.33560000",
        "quoteQty": "0.32566624",
        "time": 1629961261712,
        "isBuyerMaker": true,
        "isBestMatch": true
    },
    {
        "id": 1051239,
        "price": "0.97040000",
        "qty": "0.08390000",
        "quoteQty": "0.08141656",
        "time": 1629961312359,
        "isBuyerMaker": true,
        "isBestMatch": true
    },
    {
        "id": 1051240,
        "price": "0.97040000",
        "qty": "0.08300000",
        "quoteQty": "0.08054320",
        "time": 1629961330577,
        "isBuyerMaker": true,
        "isBestMatch": true
    },
    {
        "id": 1051241,
        "price": "0.97040000",
        "qty": "3.00000000",
        "quoteQty": "2.91120000",
        "time": 1629961382095,
        "isBuyerMaker": true,
        "isBestMatch": true
    },
    {
        "id": 1051242,
        "price": "0.97040000",
        "qty": "0.37660000",
        "quoteQty": "0.36545264",
        "time": 1629961414999,
        "isBuyerMaker": true,
        "isBestMatch": true
    },
    {
        "id": 1051243,
        "price": "0.97040000",
        "qty": "0.40260000",
        "quoteQty": "0.39068304",
        "time": 1629961456393,
        "isBuyerMaker": true,
        "isBestMatch": true
    },
    {
        "id": 1051244,
        "price": "0.97040000",
        "qty": "0.00800000",
        "quoteQty": "0.00776320",
        "time": 1629961482776,
        "isBuyerMaker": true,
        "isBestMatch": true
    },
    {
        "id": 1051245,
        "price": "0.97040000",
        "qty": "0.23130000",
        "quoteQty": "0.22445352",
        "time": 1629961512010,
        "isBuyerMaker": true,
        "isBestMatch": true
    },
    {
        "id": 1051246,
        "price": "0.97040000",
        "qty": "0.02480000",
        "quoteQty": "0.02406592",
        "time": 1629961512010,
        "isBuyerMaker": true,
        "isBestMatch": true
    },
    {
        "id": 1051247,
        "price": "0.97000000",
        "qty": "0.00560000",
        "quoteQty": "0.00543200",
        "time": 1629961564051,
        "isBuyerMaker": true,
        "isBestMatch": true
    },
    {
        "id": 1051248,
        "price": "0.97000000",
        "qty": "0.10300000",
        "quoteQty": "0.09991000",
        "time": 1629961564051,
        "isBuyerMaker": true,
        "isBestMatch": true
    },
    {
        "id": 1051249,
        "price": "0.96970000",
        "qty": "0.23170000",
        "quoteQty": "0.22467949",
        "time": 1629961564051,
        "isBuyerMaker": true,
        "isBestMatch": true
    },
    {
        "id": 1051250,
        "price": "0.96970000",
        "qty": "0.00760000",
        "quoteQty": "0.00736972",
        "time": 1629961564051,
        "isBuyerMaker": true,
        "isBestMatch": true
    },
    {
        "id": 1051251,
        "price": "0.96970000",
        "qty": "0.01290000",
        "quoteQty": "0.01250913",
        "time": 1629961564051,
        "isBuyerMaker": true,
        "isBestMatch": true
    },
    {
        "id": 1051252,
        "price": "0.96970000",
        "qty": "0.01100000",
        "quoteQty": "0.01066670",
        "time": 1629961564051,
        "isBuyerMaker": true,
        "isBestMatch": true
    },
    {
        "id": 1051253,
        "price": "0.96960000",
        "qty": "0.01200000",
        "quoteQty": "0.01163520",
        "time": 1629961564051,
        "isBuyerMaker": true,
        "isBestMatch": true
    },
    {
        "id": 1051254,
        "price": "0.96960000",
        "qty": "2.74970000",
        "quoteQty": "2.66610912",
        "time": 1629961564051,
        "isBuyerMaker": true,
        "isBestMatch": true
    },
    {
        "id": 1051255,
        "price": "0.96970000",
        "qty": "0.02000000",
        "quoteQty": "0.01939400",
        "time": 1629961583457,
        "isBuyerMaker": true,
        "isBestMatch": true
    },
    {
        "id": 1051256,
        "price": "0.96970000",
        "qty": "0.02320000",
        "quoteQty": "0.02249704",
        "time": 1629961627545,
        "isBuyerMaker": true,
        "isBestMatch": true
    },
    {
        "id": 1051257,
        "price": "0.96970000",
        "qty": "0.02600000",
        "quoteQty": "0.02521220",
        "time": 1629961638079,
        "isBuyerMaker": true,
        "isBestMatch": true
    },
    {
        "id": 1051258,
        "price": "0.96990000",
        "qty": "0.08540000",
        "quoteQty": "0.08282946",
        "time": 1629961649455,
        "isBuyerMaker": true,
        "isBestMatch": true
    },
    {
        "id": 1051259,
        "price": "0.96990000",
        "qty": "0.00640000",
        "quoteQty": "0.00620736",
        "time": 1629961683036,
        "isBuyerMaker": true,
        "isBestMatch": true
    },
    {
        "id": 1051260,
        "price": "0.97000000",
        "qty": "0.33100000",
        "quoteQty": "0.32107000",
        "time": 1629961700111,
        "isBuyerMaker": true,
        "isBestMatch": true
    },
    {
        "id": 1051261,
        "price": "0.97000000",
        "qty": "0.05000000",
        "quoteQty": "0.04850000",
        "time": 1629961725503,
        "isBuyerMaker": true,
        "isBestMatch": true
    },
    {
        "id": 1051262,
        "price": "0.97000000",
        "qty": "0.11260000",
        "quoteQty": "0.10922200",
        "time": 1629961767684,
        "isBuyerMaker": true,
        "isBestMatch": true
    },
    {
        "id": 1051263,
        "price": "0.97000000",
        "qty": "0.03550000",
        "quoteQty": "0.03443500",
        "time": 1629961788225,
        "isBuyerMaker": true,
        "isBestMatch": true
    },
    {
        "id": 1051264,
        "price": "0.97000000",
        "qty": "0.03350000",
        "quoteQty": "0.03249500",
        "time": 1629961788225,
        "isBuyerMaker": true,
        "isBestMatch": true
    },
    {
        "id": 1051265,
        "price": "0.96970000",
        "qty": "0.18070000",
        "quoteQty": "0.17522479",
        "time": 1629961852161,
        "isBuyerMaker": true,
        "isBestMatch": true
    },
    {
        "id": 1051266,
        "price": "0.96970000",
        "qty": "0.03840000",
        "quoteQty": "0.03723648",
        "time": 1629961881110,
        "isBuyerMaker": true,
        "isBestMatch": true
    },
    {
        "id": 1051267,
        "price": "0.96970000",
        "qty": "0.01500000",
        "quoteQty": "0.01454550",
        "time": 1629961966907,
        "isBuyerMaker": true,
        "isBestMatch": true
    },
    {
        "id": 1051268,
        "price": "0.96970000",
        "qty": "0.02370000",
        "quoteQty": "0.02298189",
        "time": 1629962015665,
        "isBuyerMaker": true,
        "isBestMatch": true
    },
    {
        "id": 1051269,
        "price": "0.96970000",
        "qty": "0.02060000",
        "quoteQty": "0.01997582",
        "time": 1629962016534,
        "isBuyerMaker": true,
        "isBestMatch": true
    },
    {
        "id": 1051270,
        "price": "0.96970000",
        "qty": "0.00770000",
        "quoteQty": "0.00746669",
        "time": 1629962093103,
        "isBuyerMaker": true,
        "isBestMatch": true
    },
    {
        "id": 1051271,
        "price": "0.96990000",
        "qty": "0.01670000",
        "quoteQty": "0.01619733",
        "time": 1629962102267,
        "isBuyerMaker": false,
        "isBestMatch": true
    },
    {
        "id": 1051272,
        "price": "0.96970000",
        "qty": "0.02940000",
        "quoteQty": "0.02850918",
        "time": 1629962110835,
        "isBuyerMaker": true,
        "isBestMatch": true
    },
    {
        "id": 1051273,
        "price": "0.96970000",
        "qty": "0.04680000",
        "quoteQty": "0.04538196",
        "time": 1629962111639,
        "isBuyerMaker": true,
        "isBestMatch": true
    },
    {
        "id": 1051274,
        "price": "0.96960000",
        "qty": "0.01620000",
        "quoteQty": "0.01570752",
        "time": 1629962111639,
        "isBuyerMaker": true,
        "isBestMatch": true
    },
    {
        "id": 1051275,
        "price": "0.96960000",
        "qty": "5.63120000",
        "quoteQty": "5.46001152",
        "time": 1629962141293,
        "isBuyerMaker": true,
        "isBestMatch": true
    },
    {
        "id": 1051276,
        "price": "0.96960000",
        "qty": "0.13000000",
        "quoteQty": "0.12604800",
        "time": 1629962178255,
        "isBuyerMaker": true,
        "isBestMatch": true
    },
    {
        "id": 1051277,
        "price": "0.96960000",
        "qty": "18.92890000",
        "quoteQty": "18.35346144",
        "time": 1629962184641,
        "isBuyerMaker": true,
        "isBestMatch": true
    },
    {
        "id": 1051278,
        "price": "0.96960000",
        "qty": "0.19470000",
        "quoteQty": "0.18878112",
        "time": 1629962211072,
        "isBuyerMaker": true,
        "isBestMatch": true
    },
    {
        "id": 1051279,
        "price": "0.96960000",
        "qty": "7.00000000",
        "quoteQty": "6.78720000",
        "time": 1629962241702,
        "isBuyerMaker": true,
        "isBestMatch": true
    },
    {
        "id": 1051280,
        "price": "0.96960000",
        "qty": "0.03860000",
        "quoteQty": "0.03742656",
        "time": 1629962299252,
        "isBuyerMaker": true,
        "isBestMatch": true
    },
    {
        "id": 1051281,
        "price": "0.96960000",
        "qty": "0.04840000",
        "quoteQty": "0.04692864",
        "time": 1629962340416,
        "isBuyerMaker": true,
        "isBestMatch": true
    },
    {
        "id": 1051282,
        "price": "0.96960000",
        "qty": "0.02410000",
        "quoteQty": "0.02336736",
        "time": 1629962415246,
        "isBuyerMaker": true,
        "isBestMatch": true
    },
    {
        "id": 1051283,
        "price": "0.96980000",
        "qty": "0.04850000",
        "quoteQty": "0.04703530",
        "time": 1629962503299,
        "isBuyerMaker": false,
        "isBestMatch": true
    },
    {
        "id": 1051284,
        "price": "0.96960000",
        "qty": "0.36550000",
        "quoteQty": "0.35438880",
        "time": 1629962561879,
        "isBuyerMaker": true,
        "isBestMatch": true
    },
    {
        "id": 1051285,
        "price": "0.96960000",
        "qty": "0.99670000",
        "quoteQty": "0.96640032",
        "time": 1629962561879,
        "isBuyerMaker": true,
        "isBestMatch": true
    },
    {
        "id": 1051286,
        "price": "0.96960000",
        "qty": "0.02750000",
        "quoteQty": "0.02666400",
        "time": 1629962561879,
        "isBuyerMaker": true,
        "isBestMatch": true
    },
    {
        "id": 1051287,
        "price": "0.96950000",
        "qty": "0.00530000",
        "quoteQty": "0.00513835",
        "time": 1629962561879,
        "isBuyerMaker": true,
        "isBestMatch": true
    },
    {
        "id": 1051288,
        "price": "0.96950000",
        "qty": "0.50000000",
        "quoteQty": "0.48475000",
        "time": 1629962561879,
        "isBuyerMaker": true,
        "isBestMatch": true
    },
    {
        "id": 1051289,
        "price": "0.96950000",
        "qty": "0.03150000",
        "quoteQty": "0.03053925",
        "time": 1629962567620,
        "isBuyerMaker": false,
        "isBestMatch": true
    },
    {
        "id": 1051290,
        "price": "0.96960000",
        "qty": "0.10840000",
        "quoteQty": "0.10510464",
        "time": 1629962581695,
        "isBuyerMaker": true,
        "isBestMatch": true
    },
    {
        "id": 1051291,
        "price": "0.96950000",
        "qty": "0.01910000",
        "quoteQty": "0.01851745",
        "time": 1629962603395,
        "isBuyerMaker": true,
        "isBestMatch": true
    },
    {
        "id": 1051292,
        "price": "0.96940000",
        "qty": "0.00990000",
        "quoteQty": "0.00959706",
        "time": 1629962603395,
        "isBuyerMaker": true,
        "isBestMatch": true
    },
    {
        "id": 1051293,
        "price": "0.96940000",
        "qty": "0.01500000",
        "quoteQty": "0.01454100",
        "time": 1629962603395,
        "isBuyerMaker": true,
        "isBestMatch": true
    },
    {
        "id": 1051294,
        "price": "0.96930000",
        "qty": "0.00720000",
        "quoteQty": "0.00697896",
        "time": 1629962603395,
        "isBuyerMaker": true,
        "isBestMatch": true
    },
    {
        "id": 1051295,
        "price": "0.96930000",
        "qty": "0.00940000",
        "quoteQty": "0.00911142",
        "time": 1629962603395,
        "isBuyerMaker": true,
        "isBestMatch": true
    },
    {
        "id": 1051296,
        "price": "0.96930000",
        "qty": "0.41500000",
        "quoteQty": "0.40225950",
        "time": 1629962603395,
        "isBuyerMaker": true,
        "isBestMatch": true
    },
    {
        "id": 1051297,
        "price": "0.96970000",
        "qty": "0.14850000",
        "quoteQty": "0.14400045",
        "time": 1629962637441,
        "isBuyerMaker": false,
        "isBestMatch": true
    },
    {
        "id": 1051298,
        "price": "0.96930000",
        "qty": "0.23790000",
        "quoteQty": "0.23059647",
        "time": 1629962677139,
        "isBuyerMaker": true,
        "isBestMatch": true
    },
    {
        "id": 1051299,
        "price": "0.96930000",
        "qty": "0.04930000",
        "quoteQty": "0.04778649",
        "time": 1629962677139,
        "isBuyerMaker": true,
        "isBestMatch": true
    },
    {
        "id": 1051300,
        "price": "0.96930000",
        "qty": "0.01700000",
        "quoteQty": "0.01647810",
        "time": 1629962712298,
        "isBuyerMaker": true,
        "isBestMatch": true
    },
    {
        "id": 1051301,
        "price": "0.96930000",
        "qty": "0.03650000",
        "quoteQty": "0.03537945",
        "time": 1629962723533,
        "isBuyerMaker": true,
        "isBestMatch": true
    },
    {
        "id": 1051302,
        "price": "0.96960000",
        "qty": "0.54280000",
        "quoteQty": "0.52629888",
        "time": 1629962760997,
        "isBuyerMaker": false,
        "isBestMatch": true
    },
    {
        "id": 1051303,
        "price": "0.96970000",
        "qty": "0.16220000",
        "quoteQty": "0.15728534",
        "time": 1629962760997,
        "isBuyerMaker": false,
        "isBestMatch": true
    },
    {
        "id": 1051304,
        "price": "0.96980000",
        "qty": "0.32330000",
        "quoteQty": "0.31353634",
        "time": 1629962760997,
        "isBuyerMaker": false,
        "isBestMatch": true
    },
    {
        "id": 1051305,
        "price": "0.96930000",
        "qty": "0.00170000",
        "quoteQty": "0.00164781",
        "time": 1629962764705,
        "isBuyerMaker": true,
        "isBestMatch": true
    },
    {
        "id": 1051306,
        "price": "0.96930000",
        "qty": "0.01110000",
        "quoteQty": "0.01075923",
        "time": 1629962764705,
        "isBuyerMaker": true,
        "isBestMatch": true
    },
    {
        "id": 1051307,
        "price": "0.96920000",
        "qty": "0.35770000",
        "quoteQty": "0.34668284",
        "time": 1629962834256,
        "isBuyerMaker": true,
        "isBestMatch": true
    },
    {
        "id": 1051308,
        "price": "0.96920000",
        "qty": "0.01360000",
        "quoteQty": "0.01318112",
        "time": 1629962834256,
        "isBuyerMaker": true,
        "isBestMatch": true
    },
    {
        "id": 1051309,
        "price": "0.96920000",
        "qty": "0.21190000",
        "quoteQty": "0.20537348",
        "time": 1629962834256,
        "isBuyerMaker": true,
        "isBestMatch": true
    },
    {
        "id": 1051310,
        "price": "0.96970000",
        "qty": "0.23310000",
        "quoteQty": "0.22603707",
        "time": 1629963012817,
        "isBuyerMaker": false,
        "isBestMatch": true
    },
    {
        "id": 1051311,
        "price": "0.96940000",
        "qty": "0.02210000",
        "quoteQty": "0.02142374",
        "time": 1629963024947,
        "isBuyerMaker": true,
        "isBestMatch": true
    },
    {
        "id": 1051312,
        "price": "0.96940000",
        "qty": "0.20000000",
        "quoteQty": "0.19388000",
        "time": 1629963038253,
        "isBuyerMaker": true,
        "isBestMatch": true
    },
    {
        "id": 1051313,
        "price": "0.96940000",
        "qty": "0.03850000",
        "quoteQty": "0.03732190",
        "time": 1629963072898,
        "isBuyerMaker": true,
        "isBestMatch": true
    },
    {
        "id": 1051314,
        "price": "0.96940000",
        "qty": "0.00740000",
        "quoteQty": "0.00717356",
        "time": 1629963078676,
        "isBuyerMaker": true,
        "isBestMatch": true
    },
    {
        "id": 1051315,
        "price": "0.96950000",
        "qty": "0.01590000",
        "quoteQty": "0.01541505",
        "time": 1629963220493,
        "isBuyerMaker": true,
        "isBestMatch": true
    },
    {
        "id": 1051316,
        "price": "0.96940000",
        "qty": "0.08410000",
        "quoteQty": "0.08152654",
        "time": 1629963220493,
        "isBuyerMaker": true,
        "isBestMatch": true
    },
    {
        "id": 1051317,
        "price": "0.96940000",
        "qty": "0.01780000",
        "quoteQty": "0.01725532",
        "time": 1629963289481,
        "isBuyerMaker": true,
        "isBestMatch": true
    },
    {
        "id": 1051318,
        "price": "0.96920000",
        "qty": "0.01450000",
        "quoteQty": "0.01405340",
        "time": 1629963289481,
        "isBuyerMaker": true,
        "isBestMatch": true
    },
    {
        "id": 1051319,
        "price": "0.96910000",
        "qty": "0.20250000",
        "quoteQty": "0.19624275",
        "time": 1629963289481,
        "isBuyerMaker": true,
        "isBestMatch": true
    },
    {
        "id": 1051320,
        "price": "0.96970000",
        "qty": "0.11660000",
        "quoteQty": "0.11306702",
        "time": 1629963318043,
        "isBuyerMaker": false,
        "isBestMatch": true
    },
    {
        "id": 1051321,
        "price": "0.96970000",
        "qty": "0.01100000",
        "quoteQty": "0.01066670",
        "time": 1629963387533,
        "isBuyerMaker": false,
        "isBestMatch": true
    },
    {
        "id": 1051322,
        "price": "0.96970000",
        "qty": "0.00820000",
        "quoteQty": "0.00795154",
        "time": 1629963465874,
        "isBuyerMaker": false,
        "isBestMatch": true
    },
    {
        "id": 1051323,
        "price": "0.96970000",
        "qty": "0.00650000",
        "quoteQty": "0.00630305",
        "time": 1629963516949,
        "isBuyerMaker": false,
        "isBestMatch": true
    },
    {
        "id": 1051324,
        "price": "0.96970000",
        "qty": "0.36780000",
        "quoteQty": "0.35665566",
        "time": 1629963521258,
        "isBuyerMaker": false,
        "isBestMatch": true
    },
    {
        "id": 1051325,
        "price": "0.96980000",
        "qty": "0.23760000",
        "quoteQty": "0.23042448",
        "time": 1629963521258,
        "isBuyerMaker": false,
        "isBestMatch": true
    },
    {
        "id": 1051326,
        "price": "0.96950000",
        "qty": "0.05080000",
        "quoteQty": "0.04925060",
        "time": 1629963625247,
        "isBuyerMaker": true,
        "isBestMatch": true
    },
    {
        "id": 1051327,
        "price": "0.96950000",
        "qty": "0.01370000",
        "quoteQty": "0.01328215",
        "time": 1629963625539,
        "isBuyerMaker": false,
        "isBestMatch": true
    },
    {
        "id": 1051328,
        "price": "0.96940000",
        "qty": "0.12010000",
        "quoteQty": "0.11642494",
        "time": 1629963674509,
        "isBuyerMaker": true,
        "isBestMatch": true
    },
    {
        "id": 1051329,
        "price": "0.96940000",
        "qty": "0.03310000",
        "quoteQty": "0.03208714",
        "time": 1629963683451,
        "isBuyerMaker": true,
        "isBestMatch": true
    },
    {
        "id": 1051330,
        "price": "0.96940000",
        "qty": "0.06000000",
        "quoteQty": "0.05816400",
        "time": 1629963738671,
        "isBuyerMaker": true,
        "isBestMatch": true
    },
    {
        "id": 1051331,
        "price": "0.96940000",
        "qty": "0.00770000",
        "quoteQty": "0.00746438",
        "time": 1629963814741,
        "isBuyerMaker": true,
        "isBestMatch": true
    },
    {
        "id": 1051332,
        "price": "0.96940000",
        "qty": "0.04490000",
        "quoteQty": "0.04352606",
        "time": 1629963845253,
        "isBuyerMaker": true,
        "isBestMatch": true
    },
    {
        "id": 1051333,
        "price": "0.96910000",
        "qty": "0.03710000",
        "quoteQty": "0.03595361",
        "time": 1629963845253,
        "isBuyerMaker": true,
        "isBestMatch": true
    },
    {
        "id": 1051334,
        "price": "0.96950000",
        "qty": "0.00530000",
        "quoteQty": "0.00513835",
        "time": 1629963867089,
        "isBuyerMaker": false,
        "isBestMatch": true
    },
    {
        "id": 1051335,
        "price": "0.96910000",
        "qty": "0.02040000",
        "quoteQty": "0.01976964",
        "time": 1629963869414,
        "isBuyerMaker": true,
        "isBestMatch": true
    },
    {
        "id": 1051336,
        "price": "0.96920000",
        "qty": "0.00780000",
        "quoteQty": "0.00755976",
        "time": 1629963874527,
        "isBuyerMaker": true,
        "isBestMatch": true
    },
    {
        "id": 1051337,
        "price": "0.96920000",
        "qty": "0.02000000",
        "quoteQty": "0.01938400",
        "time": 1629964003138,
        "isBuyerMaker": true,
        "isBestMatch": true
    },
    {
        "id": 1051338,
        "price": "0.96920000",
        "qty": "0.05000000",
        "quoteQty": "0.04846000",
        "time": 1629964046816,
        "isBuyerMaker": true,
        "isBestMatch": true
    },
    {
        "id": 1051339,
        "price": "0.96920000",
        "qty": "0.04290000",
        "quoteQty": "0.04157868",
        "time": 1629964065155,
        "isBuyerMaker": true,
        "isBestMatch": true
    },
    {
        "id": 1051340,
        "price": "0.96910000",
        "qty": "0.07910000",
        "quoteQty": "0.07665581",
        "time": 1629964065155,
        "isBuyerMaker": true,
        "isBestMatch": true
    },
    {
        "id": 1051341,
        "price": "0.96910000",
        "qty": "0.05110000",
        "quoteQty": "0.04952101",
        "time": 1629964067991,
        "isBuyerMaker": true,
        "isBestMatch": true
    },
    {
        "id": 1051342,
        "price": "0.96910000",
        "qty": "0.01000000",
        "quoteQty": "0.00969100",
        "time": 1629964119132,
        "isBuyerMaker": true,
        "isBestMatch": true
    },
    {
        "id": 1051343,
        "price": "0.96910000",
        "qty": "0.02100000",
        "quoteQty": "0.02035110",
        "time": 1629964165411,
        "isBuyerMaker": true,
        "isBestMatch": true
    },
    {
        "id": 1051344,
        "price": "0.96910000",
        "qty": "0.05150000",
        "quoteQty": "0.04990865",
        "time": 1629964212128,
        "isBuyerMaker": true,
        "isBestMatch": true
    },
    {
        "id": 1051345,
        "price": "0.96910000",
        "qty": "1.08920000",
        "quoteQty": "1.05554372",
        "time": 1629964213502,
        "isBuyerMaker": true,
        "isBestMatch": true
    },
    {
        "id": 1051346,
        "price": "0.96930000",
        "qty": "0.05640000",
        "quoteQty": "0.05466852",
        "time": 1629964240851,
        "isBuyerMaker": false,
        "isBestMatch": true
    },
    {
        "id": 1051347,
        "price": "0.96930000",
        "qty": "0.17460000",
        "quoteQty": "0.16923978",
        "time": 1629964262005,
        "isBuyerMaker": false,
        "isBestMatch": true
    },
    {
        "id": 1051348,
        "price": "0.96930000",
        "qty": "0.02060000",
        "quoteQty": "0.01996758",
        "time": 1629964309036,
        "isBuyerMaker": false,
        "isBestMatch": true
    },
    {
        "id": 1051349,
        "price": "0.96920000",
        "qty": "1.02610000",
        "quoteQty": "0.99449612",
        "time": 1629964354330,
        "isBuyerMaker": true,
        "isBestMatch": true
    },
    {
        "id": 1051350,
        "price": "0.96910000",
        "qty": "0.37390000",
        "quoteQty": "0.36234649",
        "time": 1629964354330,
        "isBuyerMaker": true,
        "isBestMatch": true
    },
    {
        "id": 1051351,
        "price": "0.96920000",
        "qty": "0.01030000",
        "quoteQty": "0.00998276",
        "time": 1629964450834,
        "isBuyerMaker": true,
        "isBestMatch": true
    },
    {
        "id": 1051352,
        "price": "0.96920000",
        "qty": "0.00270000",
        "quoteQty": "0.00261684",
        "time": 1629964532553,
        "isBuyerMaker": true,
        "isBestMatch": true
    },
    {
        "id": 1051353,
        "price": "0.96910000",
        "qty": "0.62180000",
        "quoteQty": "0.60258638",
        "time": 1629964532553,
        "isBuyerMaker": true,
        "isBestMatch": true
    },
    {
        "id": 1051354,
        "price": "0.96930000",
        "qty": "0.00750000",
        "quoteQty": "0.00726975",
        "time": 1629964579336,
        "isBuyerMaker": false,
        "isBestMatch": true
    },
    {
        "id": 1051355,
        "price": "0.96910000",
        "qty": "0.03000000",
        "quoteQty": "0.02907300",
        "time": 1629964681224,
        "isBuyerMaker": true,
        "isBestMatch": true
    },
    {
        "id": 1051356,
        "price": "0.96930000",
        "qty": "0.13050000",
        "quoteQty": "0.12649365",
        "time": 1629964726487,
        "isBuyerMaker": false,
        "isBestMatch": true
    },
    {
        "id": 1051357,
        "price": "0.96930000",
        "qty": "0.00630000",
        "quoteQty": "0.00610659",
        "time": 1629964726487,
        "isBuyerMaker": false,
        "isBestMatch": true
    },
    {
        "id": 1051358,
        "price": "0.96930000",
        "qty": "0.02920000",
        "quoteQty": "0.02830356",
        "time": 1629964726487,
        "isBuyerMaker": false,
        "isBestMatch": true
    },
    {
        "id": 1051359,
        "price": "0.96910000",
        "qty": "0.27310000",
        "quoteQty": "0.26466121",
        "time": 1629964739082,
        "isBuyerMaker": true,
        "isBestMatch": true
    },
    {
        "id": 1051360,
        "price": "0.96920000",
        "qty": "0.01520000",
        "quoteQty": "0.01473184",
        "time": 1629964761346,
        "isBuyerMaker": true,
        "isBestMatch": true
    },
    {
        "id": 1051361,
        "price": "0.96920000",
        "qty": "0.01960000",
        "quoteQty": "0.01899632",
        "time": 1629964769141,
        "isBuyerMaker": true,
        "isBestMatch": true
    },
    {
        "id": 1051362,
        "price": "0.96920000",
        "qty": "0.17020000",
        "quoteQty": "0.16495784",
        "time": 1629964780477,
        "isBuyerMaker": true,
        "isBestMatch": true
    },
    {
        "id": 1051363,
        "price": "0.96940000",
        "qty": "0.00680000",
        "quoteQty": "0.00659192",
        "time": 1629964815347,
        "isBuyerMaker": false,
        "isBestMatch": true
    },
    {
        "id": 1051364,
        "price": "0.96940000",
        "qty": "0.29340000",
        "quoteQty": "0.28442196",
        "time": 1629964833511,
        "isBuyerMaker": false,
        "isBestMatch": true
    },
    {
        "id": 1051365,
        "price": "0.96940000",
        "qty": "0.01390000",
        "quoteQty": "0.01347466",
        "time": 1629964842112,
        "isBuyerMaker": false,
        "isBestMatch": true
    },
    {
        "id": 1051366,
        "price": "0.96930000",
        "qty": "0.02400000",
        "quoteQty": "0.02326320",
        "time": 1629964931956,
        "isBuyerMaker": false,
        "isBestMatch": true
    },
    {
        "id": 1051367,
        "price": "0.96940000",
        "qty": "0.14580000",
        "quoteQty": "0.14133852",
        "time": 1629964931956,
        "isBuyerMaker": false,
        "isBestMatch": true
    },
    {
        "id": 1051368,
        "price": "0.96930000",
        "qty": "0.02800000",
        "quoteQty": "0.02714040",
        "time": 1629964937173,
        "isBuyerMaker": false,
        "isBestMatch": true
    },
    {
        "id": 1051369,
        "price": "0.96940000",
        "qty": "0.00580000",
        "quoteQty": "0.00562252",
        "time": 1629964937173,
        "isBuyerMaker": false,
        "isBestMatch": true
    },
    {
        "id": 1051370,
        "price": "0.96910000",
        "qty": "0.05290000",
        "quoteQty": "0.05126539",
        "time": 1629964938440,
        "isBuyerMaker": true,
        "isBestMatch": true
    },
    {
        "id": 1051371,
        "price": "0.96940000",
        "qty": "0.16260000",
        "quoteQty": "0.15762444",
        "time": 1629964947696,
        "isBuyerMaker": false,
        "isBestMatch": true
    },
    {
        "id": 1051372,
        "price": "0.96910000",
        "qty": "0.04110000",
        "quoteQty": "0.03983001",
        "time": 1629964995191,
        "isBuyerMaker": true,
        "isBestMatch": true
    },
    {
        "id": 1051373,
        "price": "0.96920000",
        "qty": "0.15610000",
        "quoteQty": "0.15129212",
        "time": 1629965002237,
        "isBuyerMaker": true,
        "isBestMatch": true
    },
    {
        "id": 1051374,
        "price": "0.96910000",
        "qty": "0.09440000",
        "quoteQty": "0.09148304",
        "time": 1629965002237,
        "isBuyerMaker": true,
        "isBestMatch": true
    },
    {
        "id": 1051375,
        "price": "0.96920000",
        "qty": "0.16170000",
        "quoteQty": "0.15671964",
        "time": 1629965023291,
        "isBuyerMaker": true,
        "isBestMatch": true
    },
    {
        "id": 1051376,
        "price": "0.96920000",
        "qty": "1.03000000",
        "quoteQty": "0.99827600",
        "time": 1629965074719,
        "isBuyerMaker": true,
        "isBestMatch": true
    },
    {
        "id": 1051377,
        "price": "0.96920000",
        "qty": "0.01870000",
        "quoteQty": "0.01812404",
        "time": 1629965084530,
        "isBuyerMaker": true,
        "isBestMatch": true
    },
    {
        "id": 1051378,
        "price": "0.96920000",
        "qty": "0.03000000",
        "quoteQty": "0.02907600",
        "time": 1629965148693,
        "isBuyerMaker": true,
        "isBestMatch": true
    },
    {
        "id": 1051379,
        "price": "0.96940000",
        "qty": "0.00810000",
        "quoteQty": "0.00785214",
        "time": 1629965174546,
        "isBuyerMaker": false,
        "isBestMatch": true
    },
    {
        "id": 1051380,
        "price": "0.96930000",
        "qty": "0.01140000",
        "quoteQty": "0.01105002",
        "time": 1629965287432,
        "isBuyerMaker": true,
        "isBestMatch": true
    },
    {
        "id": 1051381,
        "price": "0.96920000",
        "qty": "0.16320000",
        "quoteQty": "0.15817344",
        "time": 1629965287432,
        "isBuyerMaker": true,
        "isBestMatch": true
    },
    {
        "id": 1051382,
        "price": "0.96920000",
        "qty": "0.17270000",
        "quoteQty": "0.16738084",
        "time": 1629965307328,
        "isBuyerMaker": true,
        "isBestMatch": true
    },
    {
        "id": 1051383,
        "price": "0.96920000",
        "qty": "0.04240000",
        "quoteQty": "0.04109408",
        "time": 1629965343325,
        "isBuyerMaker": true,
        "isBestMatch": true
    },
    {
        "id": 1051384,
        "price": "0.96920000",
        "qty": "0.00510000",
        "quoteQty": "0.00494292",
        "time": 1629965386325,
        "isBuyerMaker": true,
        "isBestMatch": true
    },
    {
        "id": 1051385,
        "price": "0.96920000",
        "qty": "0.35000000",
        "quoteQty": "0.33922000",
        "time": 1629965537974,
        "isBuyerMaker": true,
        "isBestMatch": true
    },
    {
        "id": 1051386,
        "price": "0.96920000",
        "qty": "0.05290000",
        "quoteQty": "0.05127068",
        "time": 1629965579111,
        "isBuyerMaker": true,
        "isBestMatch": true
    },
    {
        "id": 1051387,
        "price": "0.96940000",
        "qty": "0.33410000",
        "quoteQty": "0.32387654",
        "time": 1629965678142,
        "isBuyerMaker": false,
        "isBestMatch": true
    },
    {
        "id": 1051388,
        "price": "0.96920000",
        "qty": "0.03470000",
        "quoteQty": "0.03363124",
        "time": 1629965680841,
        "isBuyerMaker": true,
        "isBestMatch": true
    },
    {
        "id": 1051389,
        "price": "0.96920000",
        "qty": "0.11250000",
        "quoteQty": "0.10903500",
        "time": 1629965680841,
        "isBuyerMaker": true,
        "isBestMatch": true
    },
    {
        "id": 1051390,
        "price": "0.96920000",
        "qty": "0.02720000",
        "quoteQty": "0.02636224",
        "time": 1629965680841,
        "isBuyerMaker": true,
        "isBestMatch": true
    },
    {
        "id": 1051391,
        "price": "0.96920000",
        "qty": "0.85730000",
        "quoteQty": "0.83089516",
        "time": 1629965680841,
        "isBuyerMaker": true,
        "isBestMatch": true
    },
    {
        "id": 1051392,
        "price": "0.96920000",
        "qty": "0.02310000",
        "quoteQty": "0.02238852",
        "time": 1629965730549,
        "isBuyerMaker": true,
        "isBestMatch": true
    },
    {
        "id": 1051393,
        "price": "0.96940000",
        "qty": "1.14830000",
        "quoteQty": "1.11316202",
        "time": 1629965737708,
        "isBuyerMaker": false,
        "isBestMatch": true
    },
    {
        "id": 1051394,
        "price": "0.96940000",
        "qty": "0.06690000",
        "quoteQty": "0.06485286",
        "time": 1629965864592,
        "isBuyerMaker": false,
        "isBestMatch": true
    },
    {
        "id": 1051395,
        "price": "0.96920000",
        "qty": "0.02480000",
        "quoteQty": "0.02403616",
        "time": 1629965876539,
        "isBuyerMaker": true,
        "isBestMatch": true
    },
    {
        "id": 1051396,
        "price": "0.96940000",
        "qty": "0.09390000",
        "quoteQty": "0.09102666",
        "time": 1629965877908,
        "isBuyerMaker": false,
        "isBestMatch": true
    },
    {
        "id": 1051397,
        "price": "0.96940000",
        "qty": "0.01710000",
        "quoteQty": "0.01657674",
        "time": 1629965881845,
        "isBuyerMaker": true,
        "isBestMatch": true
    },
    {
        "id": 1051398,
        "price": "0.96930000",
        "qty": "0.24610000",
        "quoteQty": "0.23854473",
        "time": 1629965885219,
        "isBuyerMaker": true,
        "isBestMatch": true
    },
    {
        "id": 1051399,
        "price": "0.96920000",
        "qty": "0.01030000",
        "quoteQty": "0.00998276",
        "time": 1629965972222,
        "isBuyerMaker": true,
        "isBestMatch": true
    },
    {
        "id": 1051400,
        "price": "0.96940000",
        "qty": "0.00020000",
        "quoteQty": "0.00019388",
        "time": 1629966033542,
        "isBuyerMaker": false,
        "isBestMatch": true
    },
    {
        "id": 1051401,
        "price": "0.96940000",
        "qty": "0.17050000",
        "quoteQty": "0.16528270",
        "time": 1629966033542,
        "isBuyerMaker": false,
        "isBestMatch": true
    },
    {
        "id": 1051402,
        "price": "0.96950000",
        "qty": "0.03020000",
        "quoteQty": "0.02927890",
        "time": 1629966056089,
        "isBuyerMaker": false,
        "isBestMatch": true
    },
    {
        "id": 1051403,
        "price": "0.96950000",
        "qty": "0.14060000",
        "quoteQty": "0.13631170",
        "time": 1629966056089,
        "isBuyerMaker": false,
        "isBestMatch": true
    },
    {
        "id": 1051404,
        "price": "0.96930000",
        "qty": "0.04610000",
        "quoteQty": "0.04468473",
        "time": 1629966075448,
        "isBuyerMaker": true,
        "isBestMatch": true
    },
    {
        "id": 1051405,
        "price": "0.96930000",
        "qty": "0.18360000",
        "quoteQty": "0.17796348",
        "time": 1629966085973,
        "isBuyerMaker": true,
        "isBestMatch": true
    },
    {
        "id": 1051406,
        "price": "0.96930000",
        "qty": "0.17040000",
        "quoteQty": "0.16516872",
        "time": 1629966144987,
        "isBuyerMaker": false,
        "isBestMatch": true
    },
    {
        "id": 1051407,
        "price": "0.96920000",
        "qty": "0.50000000",
        "quoteQty": "0.48460000",
        "time": 1629966173173,
        "isBuyerMaker": true,
        "isBestMatch": true
    },
    {
        "id": 1051408,
        "price": "0.96930000",
        "qty": "0.01610000",
        "quoteQty": "0.01560573",
        "time": 1629966188557,
        "isBuyerMaker": false,
        "isBestMatch": true
    },
    {
        "id": 1051409,
        "price": "0.96930000",
        "qty": "0.03260000",
        "quoteQty": "0.03159918",
        "time": 1629966266805,
        "isBuyerMaker": false,
        "isBestMatch": true
    },
    {
        "id": 1051410,
        "price": "0.96920000",
        "qty": "0.03000000",
        "quoteQty": "0.02907600",
        "time": 1629966272104,
        "isBuyerMaker": true,
        "isBestMatch": true
    },
    {
        "id": 1051411,
        "price": "0.96920000",
        "qty": "0.50170000",
        "quoteQty": "0.48624764",
        "time": 1629966275716,
        "isBuyerMaker": true,
        "isBestMatch": true
    },
    {
        "id": 1051412,
        "price": "0.96930000",
        "qty": "0.00570000",
        "quoteQty": "0.00552501",
        "time": 1629966280157,
        "isBuyerMaker": false,
        "isBestMatch": true
    },
    {
        "id": 1051413,
        "price": "0.96930000",
        "qty": "0.00720000",
        "quoteQty": "0.00697896",
        "time": 1629966293019,
        "isBuyerMaker": false,
        "isBestMatch": true
    },
    {
        "id": 1051414,
        "price": "0.96920000",
        "qty": "0.10000000",
        "quoteQty": "0.09692000",
        "time": 1629966305472,
        "isBuyerMaker": true,
        "isBestMatch": true
    },
    {
        "id": 1051415,
        "price": "0.96930000",
        "qty": "0.17580000",
        "quoteQty": "0.17040294",
        "time": 1629966335414,
        "isBuyerMaker": false,
        "isBestMatch": true
    },
    {
        "id": 1051416,
        "price": "0.96920000",
        "qty": "0.18560000",
        "quoteQty": "0.17988352",
        "time": 1629966363910,
        "isBuyerMaker": true,
        "isBestMatch": true
    },
    {
        "id": 1051417,
        "price": "0.96920000",
        "qty": "0.04930000",
        "quoteQty": "0.04778156",
        "time": 1629966388964,
        "isBuyerMaker": true,
        "isBestMatch": true
    },
    {
        "id": 1051418,
        "price": "0.96930000",
        "qty": "0.15590000",
        "quoteQty": "0.15111387",
        "time": 1629966392133,
        "isBuyerMaker": false,
        "isBestMatch": true
    },
    {
        "id": 1051419,
        "price": "0.96930000",
        "qty": "0.15680000",
        "quoteQty": "0.15198624",
        "time": 1629966395332,
        "isBuyerMaker": true,
        "isBestMatch": true
    },
    {
        "id": 1051420,
        "price": "0.96930000",
        "qty": "0.08520000",
        "quoteQty": "0.08258436",
        "time": 1629966529468,
        "isBuyerMaker": false,
        "isBestMatch": true
    },
    {
        "id": 1051421,
        "price": "0.96930000",
        "qty": "0.16450000",
        "quoteQty": "0.15944985",
        "time": 1629966618113,
        "isBuyerMaker": false,
        "isBestMatch": true
    },
    {
        "id": 1051422,
        "price": "0.96930000",
        "qty": "0.03550000",
        "quoteQty": "0.03441015",
        "time": 1629966621807,
        "isBuyerMaker": false,
        "isBestMatch": true
    },
    {
        "id": 1051423,
        "price": "0.96930000",
        "qty": "0.12900000",
        "quoteQty": "0.12503970",
        "time": 1629966621807,
        "isBuyerMaker": false,
        "isBestMatch": true
    },
    {
        "id": 1051424,
        "price": "0.96930000",
        "qty": "0.15410000",
        "quoteQty": "0.14936913",
        "time": 1629966633098,
        "isBuyerMaker": false,
        "isBestMatch": true
    },
    {
        "id": 1051425,
        "price": "0.96930000",
        "qty": "0.04820000",
        "quoteQty": "0.04672026",
        "time": 1629966659224,
        "isBuyerMaker": false,
        "isBestMatch": true
    },
    {
        "id": 1051426,
        "price": "0.96940000",
        "qty": "0.01460000",
        "quoteQty": "0.01415324",
        "time": 1629966659224,
        "isBuyerMaker": false,
        "isBestMatch": true
    },
    {
        "id": 1051427,
        "price": "0.96920000",
        "qty": "0.16280000",
        "quoteQty": "0.15778576",
        "time": 1629966666811,
        "isBuyerMaker": true,
        "isBestMatch": true
    },
    {
        "id": 1051428,
        "price": "0.96920000",
        "qty": "0.65040000",
        "quoteQty": "0.63036768",
        "time": 1629966687472,
        "isBuyerMaker": true,
        "isBestMatch": true
    },
    {
        "id": 1051429,
        "price": "0.96920000",
        "qty": "0.14360000",
        "quoteQty": "0.13917712",
        "time": 1629966687472,
        "isBuyerMaker": true,
        "isBestMatch": true
    },
    {
        "id": 1051430,
        "price": "0.96920000",
        "qty": "0.20610000",
        "quoteQty": "0.19975212",
        "time": 1629966687472,
        "isBuyerMaker": true,
        "isBestMatch": true
    },
    {
        "id": 1051431,
        "price": "0.96940000",
        "qty": "0.18890000",
        "quoteQty": "0.18311966",
        "time": 1629966743360,
        "isBuyerMaker": false,
        "isBestMatch": true
    },
    {
        "id": 1051432,
        "price": "0.96940000",
        "qty": "0.02140000",
        "quoteQty": "0.02074516",
        "time": 1629966750307,
        "isBuyerMaker": false,
        "isBestMatch": true
    },
    {
        "id": 1051433,
        "price": "0.96940000",
        "qty": "0.00690000",
        "quoteQty": "0.00668886",
        "time": 1629966801374,
        "isBuyerMaker": false,
        "isBestMatch": true
    },
    {
        "id": 1051434,
        "price": "0.96920000",
        "qty": "0.00770000",
        "quoteQty": "0.00746284",
        "time": 1629966806972,
        "isBuyerMaker": true,
        "isBestMatch": true
    },
    {
        "id": 1051435,
        "price": "0.96920000",
        "qty": "0.01460000",
        "quoteQty": "0.01415032",
        "time": 1629966873276,
        "isBuyerMaker": true,
        "isBestMatch": true
    },
    {
        "id": 1051436,
        "price": "0.96920000",
        "qty": "0.02960000",
        "quoteQty": "0.02868832",
        "time": 1629966873276,
        "isBuyerMaker": true,
        "isBestMatch": true
    },
    {
        "id": 1051437,
        "price": "0.96910000",
        "qty": "0.95580000",
        "quoteQty": "0.92626578",
        "time": 1629966873276,
        "isBuyerMaker": true,
        "isBestMatch": true
    },
    {
        "id": 1051438,
        "price": "0.96920000",
        "qty": "0.01030000",
        "quoteQty": "0.00998276",
        "time": 1629966943089,
        "isBuyerMaker": true,
        "isBestMatch": true
    },
    {
        "id": 1051439,
        "price": "0.96920000",
        "qty": "0.09470000",
        "quoteQty": "0.09178324",
        "time": 1629966955558,
        "isBuyerMaker": true,
        "isBestMatch": true
    },
    {
        "id": 1051440,
        "price": "0.96920000",
        "qty": "0.09190000",
        "quoteQty": "0.08906948",
        "time": 1629966960642,
        "isBuyerMaker": true,
        "isBestMatch": true
    },
    {
        "id": 1051441,
        "price": "0.96920000",
        "qty": "0.01540000",
        "quoteQty": "0.01492568",
        "time": 1629966964249,
        "isBuyerMaker": true,
        "isBestMatch": true
    },
    {
        "id": 1051442,
        "price": "0.96920000",
        "qty": "0.01000000",
        "quoteQty": "0.00969200",
        "time": 1629966969282,
        "isBuyerMaker": true,
        "isBestMatch": true
    },
    {
        "id": 1051443,
        "price": "0.96920000",
        "qty": "0.02030000",
        "quoteQty": "0.01967476",
        "time": 1629966992022,
        "isBuyerMaker": true,
        "isBestMatch": true
    },
    {
        "id": 1051444,
        "price": "0.96910000",
        "qty": "0.16230000",
        "quoteQty": "0.15728493",
        "time": 1629966992022,
        "isBuyerMaker": true,
        "isBestMatch": true
    },
    {
        "id": 1051445,
        "price": "0.96920000",
        "qty": "0.08000000",
        "quoteQty": "0.07753600",
        "time": 1629967019115,
        "isBuyerMaker": true,
        "isBestMatch": true
    },
    {
        "id": 1051446,
        "price": "0.96910000",
        "qty": "0.18150000",
        "quoteQty": "0.17589165",
        "time": 1629967043769,
        "isBuyerMaker": true,
        "isBestMatch": true
    },
    {
        "id": 1051447,
        "price": "0.96920000",
        "qty": "0.00810000",
        "quoteQty": "0.00785052",
        "time": 1629967101648,
        "isBuyerMaker": false,
        "isBestMatch": true
    },
    {
        "id": 1051448,
        "price": "0.96910000",
        "qty": "0.10890000",
        "quoteQty": "0.10553499",
        "time": 1629967286673,
        "isBuyerMaker": true,
        "isBestMatch": true
    },
    {
        "id": 1051449,
        "price": "0.96910000",
        "qty": "0.03300000",
        "quoteQty": "0.03198030",
        "time": 1629967308140,
        "isBuyerMaker": true,
        "isBestMatch": true
    },
    {
        "id": 1051450,
        "price": "0.96910000",
        "qty": "0.01100000",
        "quoteQty": "0.01066010",
        "time": 1629967360231,
        "isBuyerMaker": true,
        "isBestMatch": true
    },
    {
        "id": 1051451,
        "price": "0.96920000",
        "qty": "0.14450000",
        "quoteQty": "0.14004940",
        "time": 1629967379430,
        "isBuyerMaker": false,
        "isBestMatch": true
    },
    {
        "id": 1051452,
        "price": "0.96910000",
        "qty": "0.14450000",
        "quoteQty": "0.14003495",
        "time": 1629967397869,
        "isBuyerMaker": true,
        "isBestMatch": true
    },
    {
        "id": 1051453,
        "price": "0.96910000",
        "qty": "0.03150000",
        "quoteQty": "0.03052665",
        "time": 1629967446140,
        "isBuyerMaker": true,
        "isBestMatch": true
    },
    {
        "id": 1051454,
        "price": "0.96920000",
        "qty": "0.01280000",
        "quoteQty": "0.01240576",
        "time": 1629967513549,
        "isBuyerMaker": false,
        "isBestMatch": true
    },
    {
        "id": 1051455,
        "price": "0.96920000",
        "qty": "0.16710000",
        "quoteQty": "0.16195332",
        "time": 1629967552572,
        "isBuyerMaker": false,
        "isBestMatch": true
    },
    {
        "id": 1051456,
        "price": "0.96920000",
        "qty": "0.13660000",
        "quoteQty": "0.13239272",
        "time": 1629967578188,
        "isBuyerMaker": false,
        "isBestMatch": true
    },
    {
        "id": 1051457,
        "price": "0.96920000",
        "qty": "0.26310000",
        "quoteQty": "0.25499652",
        "time": 1629967602074,
        "isBuyerMaker": false,
        "isBestMatch": true
    },
    {
        "id": 1051458,
        "price": "0.96910000",
        "qty": "3.05550000",
        "quoteQty": "2.96108505",
        "time": 1629967602303,
        "isBuyerMaker": true,
        "isBestMatch": true
    },
    {
        "id": 1051459,
        "price": "0.96910000",
        "qty": "0.00980000",
        "quoteQty": "0.00949718",
        "time": 1629967604331,
        "isBuyerMaker": true,
        "isBestMatch": true
    },
    {
        "id": 1051460,
        "price": "0.96910000",
        "qty": "0.09820000",
        "quoteQty": "0.09516562",
        "time": 1629967610139,
        "isBuyerMaker": true,
        "isBestMatch": true
    },
    {
        "id": 1051461,
        "price": "0.96920000",
        "qty": "0.14210000",
        "quoteQty": "0.13772332",
        "time": 1629967651154,
        "isBuyerMaker": false,
        "isBestMatch": true
    },
    {
        "id": 1051462,
        "price": "0.96910000",
        "qty": "0.21660000",
        "quoteQty": "0.20990706",
        "time": 1629967713975,
        "isBuyerMaker": true,
        "isBestMatch": true
    },
    {
        "id": 1051463,
        "price": "0.96920000",
        "qty": "0.05820000",
        "quoteQty": "0.05640744",
        "time": 1629967742396,
        "isBuyerMaker": false,
        "isBestMatch": true
    },
    {
        "id": 1051464,
        "price": "0.96920000",
        "qty": "0.10000000",
        "quoteQty": "0.09692000",
        "time": 1629967742396,
        "isBuyerMaker": false,
        "isBestMatch": true
    },
    {
        "id": 1051465,
        "price": "0.96920000",
        "qty": "0.11000000",
        "quoteQty": "0.10661200",
        "time": 1629967826137,
        "isBuyerMaker": false,
        "isBestMatch": true
    },
    {
        "id": 1051466,
        "price": "0.96930000",
        "qty": "0.01380000",
        "quoteQty": "0.01337634",
        "time": 1629967826137,
        "isBuyerMaker": false,
        "isBestMatch": true
    },
    {
        "id": 1051467,
        "price": "0.96910000",
        "qty": "0.03420000",
        "quoteQty": "0.03314322",
        "time": 1629967877323,
        "isBuyerMaker": true,
        "isBestMatch": true
    },
    {
        "id": 1051468,
        "price": "0.96910000",
        "qty": "0.00780000",
        "quoteQty": "0.00755898",
        "time": 1629967910644,
        "isBuyerMaker": true,
        "isBestMatch": true
    },
    {
        "id": 1051469,
        "price": "0.96910000",
        "qty": "0.50000000",
        "quoteQty": "0.48455000",
        "time": 1629967915138,
        "isBuyerMaker": true,
        "isBestMatch": true
    },
    {
        "id": 1051470,
        "price": "0.96920000",
        "qty": "0.06950000",
        "quoteQty": "0.06735940",
        "time": 1629967951392,
        "isBuyerMaker": true,
        "isBestMatch": true
    },
    {
        "id": 1051471,
        "price": "0.96920000",
        "qty": "0.96180000",
        "quoteQty": "0.93217656",
        "time": 1629967988747,
        "isBuyerMaker": false,
        "isBestMatch": true
    },
    {
        "id": 1051472,
        "price": "0.96940000",
        "qty": "0.00950000",
        "quoteQty": "0.00920930",
        "time": 1629968115287,
        "isBuyerMaker": false,
        "isBestMatch": true
    },
    {
        "id": 1051473,
        "price": "0.96950000",
        "qty": "0.00300000",
        "quoteQty": "0.00290850",
        "time": 1629968115287,
        "isBuyerMaker": false,
        "isBestMatch": true
    },
    {
        "id": 1051474,
        "price": "0.96950000",
        "qty": "0.00340000",
        "quoteQty": "0.00329630",
        "time": 1629968216650,
        "isBuyerMaker": false,
        "isBestMatch": true
    },
    {
        "id": 1051475,
        "price": "0.96950000",
        "qty": "0.06660000",
        "quoteQty": "0.06456870",
        "time": 1629968216650,
        "isBuyerMaker": false,
        "isBestMatch": true
    },
    {
        "id": 1051476,
        "price": "0.96930000",
        "qty": "0.01480000",
        "quoteQty": "0.01434564",
        "time": 1629968236813,
        "isBuyerMaker": true,
        "isBestMatch": true
    },
    {
        "id": 1051477,
        "price": "0.96930000",
        "qty": "0.04460000",
        "quoteQty": "0.04323078",
        "time": 1629968266591,
        "isBuyerMaker": true,
        "isBestMatch": true
    },
    {
        "id": 1051478,
        "price": "0.96950000",
        "qty": "0.11810000",
        "quoteQty": "0.11449795",
        "time": 1629968297808,
        "isBuyerMaker": false,
        "isBestMatch": true
    },
    {
        "id": 1051479,
        "price": "0.96930000",
        "qty": "0.16310000",
        "quoteQty": "0.15809283",
        "time": 1629968530995,
        "isBuyerMaker": true,
        "isBestMatch": true
    },
    {
        "id": 1051480,
        "price": "0.96930000",
        "qty": "0.03030000",
        "quoteQty": "0.02936979",
        "time": 1629968629703,
        "isBuyerMaker": true,
        "isBestMatch": true
    },
    {
        "id": 1051481,
        "price": "0.96950000",
        "qty": "0.00540000",
        "quoteQty": "0.00523530",
        "time": 1629968658658,
        "isBuyerMaker": false,
        "isBestMatch": true
    },
    {
        "id": 1051482,
        "price": "0.96960000",
        "qty": "0.00530000",
        "quoteQty": "0.00513888",
        "time": 1629968658658,
        "isBuyerMaker": false,
        "isBestMatch": true
    },
    {
        "id": 1051483,
        "price": "0.96960000",
        "qty": "0.40940000",
        "quoteQty": "0.39695424",
        "time": 1629968658658,
        "isBuyerMaker": false,
        "isBestMatch": true
    },
    {
        "id": 1051484,
        "price": "0.96970000",
        "qty": "0.47460000",
        "quoteQty": "0.46021962",
        "time": 1629968658658,
        "isBuyerMaker": false,
        "isBestMatch": true
    },
    {
        "id": 1051485,
        "price": "0.96970000",
        "qty": "0.02490000",
        "quoteQty": "0.02414553",
        "time": 1629968784164,
        "isBuyerMaker": false,
        "isBestMatch": true
    },
    {
        "id": 1051486,
        "price": "0.96940000",
        "qty": "0.00600000",
        "quoteQty": "0.00581640",
        "time": 1629968935069,
        "isBuyerMaker": true,
        "isBestMatch": true
    },
    {
        "id": 1051487,
        "price": "0.96940000",
        "qty": "0.19690000",
        "quoteQty": "0.19087486",
        "time": 1629969022188,
        "isBuyerMaker": true,
        "isBestMatch": true
    },
    {
        "id": 1051488,
        "price": "0.96940000",
        "qty": "0.38750000",
        "quoteQty": "0.37564250",
        "time": 1629969054326,
        "isBuyerMaker": true,
        "isBestMatch": true
    },
    {
        "id": 1051489,
        "price": "0.96930000",
        "qty": "0.03970000",
        "quoteQty": "0.03848121",
        "time": 1629969061592,
        "isBuyerMaker": true,
        "isBestMatch": true
    },
    {
        "id": 1051490,
        "price": "0.96940000",
        "qty": "0.59040000",
        "quoteQty": "0.57233376",
        "time": 1629969151742,
        "isBuyerMaker": false,
        "isBestMatch": true
    },
    {
        "id": 1051491,
        "price": "0.96930000",
        "qty": "0.03850000",
        "quoteQty": "0.03731805",
        "time": 1629969168321,
        "isBuyerMaker": true,
        "isBestMatch": true
    },
    {
        "id": 1051492,
        "price": "0.96940000",
        "qty": "0.00780000",
        "quoteQty": "0.00756132",
        "time": 1629969222730,
        "isBuyerMaker": false,
        "isBestMatch": true
    },
    {
        "id": 1051493,
        "price": "0.96940000",
        "qty": "0.02150000",
        "quoteQty": "0.02084210",
        "time": 1629969244541,
        "isBuyerMaker": false,
        "isBestMatch": true
    },
    {
        "id": 1051494,
        "price": "0.96940000",
        "qty": "0.00900000",
        "quoteQty": "0.00872460",
        "time": 1629969244541,
        "isBuyerMaker": false,
        "isBestMatch": true
    },
    {
        "id": 1051495,
        "price": "0.96940000",
        "qty": "0.00380000",
        "quoteQty": "0.00368372",
        "time": 1629969291227,
        "isBuyerMaker": true,
        "isBestMatch": true
    },
    {
        "id": 1051496,
        "price": "0.96930000",
        "qty": "0.13300000",
        "quoteQty": "0.12891690",
        "time": 1629969291227,
        "isBuyerMaker": true,
        "isBestMatch": true
    },
    {
        "id": 1051497,
        "price": "0.96930000",
        "qty": "0.53070000",
        "quoteQty": "0.51440751",
        "time": 1629969368765,
        "isBuyerMaker": true,
        "isBestMatch": true
    },
    {
        "id": 1051498,
        "price": "0.96930000",
        "qty": "1.54750000",
        "quoteQty": "1.49999175",
        "time": 1629969368765,
        "isBuyerMaker": true,
        "isBestMatch": true
    },
    {
        "id": 1051499,
        "price": "0.96920000",
        "qty": "2.06770000",
        "quoteQty": "2.00401484",
        "time": 1629969368765,
        "isBuyerMaker": true,
        "isBestMatch": true
    },
    {
        "id": 1051500,
        "price": "0.96920000",
        "qty": "5.15880000",
        "quoteQty": "4.99990896",
        "time": 1629969407886,
        "isBuyerMaker": true,
        "isBestMatch": true
    },
    {
        "id": 1051501,
        "price": "0.96920000",
        "qty": "0.17970000",
        "quoteQty": "0.17416524",
        "time": 1629969410784,
        "isBuyerMaker": true,
        "isBestMatch": true
    },
    {
        "id": 1051502,
        "price": "0.96920000",
        "qty": "0.04900000",
        "quoteQty": "0.04749080",
        "time": 1629969595703,
        "isBuyerMaker": true,
        "isBestMatch": true
    },
    {
        "id": 1051503,
        "price": "0.96920000",
        "qty": "0.06700000",
        "quoteQty": "0.06493640",
        "time": 1629969600159,
        "isBuyerMaker": true,
        "isBestMatch": true
    },
    {
        "id": 1051504,
        "price": "0.96960000",
        "qty": "0.26880000",
        "quoteQty": "0.26062848",
        "time": 1629969612228,
        "isBuyerMaker": false,
        "isBestMatch": true
    },
    {
        "id": 1051505,
        "price": "0.96930000",
        "qty": "0.05750000",
        "quoteQty": "0.05573475",
        "time": 1629969647482,
        "isBuyerMaker": true,
        "isBestMatch": true
    },
    {
        "id": 1051506,
        "price": "0.96920000",
        "qty": "2.55100000",
        "quoteQty": "2.47242920",
        "time": 1629969647482,
        "isBuyerMaker": true,
        "isBestMatch": true
    },
    {
        "id": 1051507,
        "price": "0.96920000",
        "qty": "0.21600000",
        "quoteQty": "0.20934720",
        "time": 1629969787525,
        "isBuyerMaker": true,
        "isBestMatch": true
    },
    {
        "id": 1051508,
        "price": "0.96920000",
        "qty": "0.08780000",
        "quoteQty": "0.08509576",
        "time": 1629969863683,
        "isBuyerMaker": true,
        "isBestMatch": true
    },
    {
        "id": 1051509,
        "price": "0.96920000",
        "qty": "0.25880000",
        "quoteQty": "0.25082896",
        "time": 1629969912188,
        "isBuyerMaker": true,
        "isBestMatch": true
    },
    {
        "id": 1051510,
        "price": "0.96920000",
        "qty": "0.03860000",
        "quoteQty": "0.03741112",
        "time": 1629969955417,
        "isBuyerMaker": true,
        "isBestMatch": true
    },
    {
        "id": 1051511,
        "price": "0.96920000",
        "qty": "0.01690000",
        "quoteQty": "0.01637948",
        "time": 1629969976124,
        "isBuyerMaker": true,
        "isBestMatch": true
